3882 6080
280 313 337 369 450

358 525 436 583 οἶσθα
451 529 586 584 Μένιππον
599 528 672 591 ἴσως.

281 611 404 692 θήθῃσιν
419 612 495 678 οὗτος
508 617 542 678 ὡς
558 612 677 690 διωρύγη
693 616 757 669 ποτέ

255 704 327 757 5καί
339 702 416 757 πάντ’
432 699 567 758 &ethelo
582 699 639 756 οὐδ’
656 703 725 758 ἐνόει
740 705 816 778 φύσιν
830 706 919 767 κυνός,

359 789 440 844 αὑτὸν
455 792 647 867 ἀνεκρέμασεν.

528 944 577 999 l‘f.
599 950 661 997 ΤΟΥ
677 949 789 998 ὲῐἸῸΥ.

564 1055 604 1108 Eu
620 1055 753 1103 Στῠιπιυνα.

281 1171 332 1224 Τὸν
348 1172 474 1249 Μεγαρέα
488 1170 640 1235 Στίλπωνα,
656 1175 813 1246 γιγνώσκεις
827 1169 851 1226 θ’
865 1173 940 1236 ἴσως,

175 1255 176 1260 ’
280 1261 376 1334 γῆρας,
392 1259 482 1313 ἔπειτα
496 1262 574 1322 νόσος
585 1257 704 1324 καθεῖλε,
722 1257 864 1336 δύσμαχον
879 1256 972 1334 ζυγόν·

282 1343 344 1400 ἀλλ’
361 1341 431 1400 οίνον
447 1341 506 1422 εὖρε
520 1350 569 1416 τῆς
581 1351 668 1416 κακῆς
683 1343 827 1424 συνωρίδος
976 1391 978 1396 .

282 1436 407 1510 φέρτερον
420 1434 544 1509 ἡνίοχον·
562 1430 684 1510 (χανδὸν)
697 1434 765 1488 πιὼν
779 1435 832 1511 γὰρ
846 1432 960 1504 ἤλασεν.

540 1589 584 1643 ιν.
604 1586 780 1643 ιυνοιννυι.
875 1655 880 1666 ,

580 1693 610 1742 In
622 1692 745 1758 Opilium.

285 1818 384 1874 Histrio
400 1818 457 1892 jem
472 1819 561 1875 senior
574 1819 674 1893 turpis,
690 1819 792 1891 gravis,
808 1837 898 1893 espen,
918 1818 1040 1892 iniquus,

351 1905 450 1979 impius
464 1913 492 1964 et
504 1906 569 1962 felix
583 1906 623 1962 sic
638 1907 718 1962 simul
732 1923 791 1962 esse
806 1906 900 1980 cupit:

284 2001 313 2052 ut
325 1995 393 2051 nolit
406 1994 472 2050 Pius
486 2011 556 2061 esse,
571 1994 635 2051 velit
648 2000 739 2050 temen
752 2011 812 2050 esse
827 1995 945 2061 Beatus3

352 2082 424 2155 quod
434 2089 532 2138 nature
544 2089 638 2155 neget,
651 2099 702 2137 nec
716 2081 814 2155 recipit
828 2081 908 2138 retio.

260 2157 357 2224 5th
366 2168 431 2224 Pius
444 2176 471 2225 et
486 2169 560 2224 Felix
575 2176 684 2242 poteret
697 2169 750 2224 dici
765 2176 847 2242 etque
861 2169 948 2224 videri
963 2185 970 2225 ι

352 2254 394 2310 cui
410 2254 550 2328 imperium
565 2254 658 2310 infelix
672 2263 724 2325 est,
741 2253 793 2311 erit
807 2255 851 2312 ille
866 2255 929 2312 sibi.

585 2466 628 2520 tl.
645 2474 747 2517 ncruo.

544 2561 573 2612 ln
588 2560 787 2612 Diadumenum.

283 2687 408 2744 Vidimus
419 2685 447 2742 in
462 2685 573 2751 somnis,
588 2686 672 2750 cives,
686 2687 736 2742 nisi
751 2686 839 2754 fallor,
853 2694 880 2742 et
893 2687 965 2744 istud
982 2705 989 2744 :

284 2775 479 2831 Antoninorum
493 2791 590 2830 nomen
607 2790 675 2847 puer
686 2773 730 2830 ille
745 2767 877 2847 gerebat?

731 310 987 370 ANTHOLOGIAE
1007 309 1157 372 GRAECAE
1177 315 1403 378 APPENDICIS

278 440 511 518 ήμεροδανειστήν
525 473 564 483 -
577 444 657 498 τοῦτο
670 443 723 518 γὰρ
739 437 902 517 ἐπεκλῄζετο
922 473 956 484 -
1022 519 1025 526 Ι
1062 439 1067 454 “

1093 449 1217 506 diurnum
1243 452 1434 510 foeneretorem
1454 487 1489 497 -
1515 457 1555 513 sic
1580 459 1651 514 enim
1679 464 1853 534 cognominet-

1161 539 1233 594 nosti
1247 539 1405 613 Menippum
1417 543 1551 599 fortassis.
1710 548 1802 622 [betur
1816 581 1854 592 ·-

1093 617 1193 674 Thebis
1206 616 1251 672 hic
1264 627 1294 675 ut
1308 620 1447 691 perfossus
1461 627 1504 679 est
1517 624 1653 695 quondam

1094 712 1121 760 et
1133 709 1222 762 omnio
1234 705 1334 773 emisit,
1349 724 1403 762 non
1417 709 1549 781 cogitavit
1563 719 1688 769 usturem
1707 717 1793 782 cenis,

1162 791 1295 866 seipsum
1307 795 1461 866 suspendit.

1353 943 1397 998 42.
1418 943 1587 1001 EJUSDEM.

1378 1049 1408 1097 In
1423 1049 1578 1114 Stilponem.

1095 1169 1282 1240 Megarensem
1296 1169 1572 1242 Stilponem-nosti
1586 1173 1700 1229 forsitan
1714 1205 1749 1218 -
1758 1177 1857 1248 [gum

1095 1261 1230 1319 senectus,
1245 1255 1306 1312 inde
1316 1257 1428 1312 morbus
1445 1258 1568 1328 abstulit,
1583 1259 1796 1335 inexpugnabile
1812 1265 1859 1337 ju-

1095 1343 1143 1398 sed
1155 1342 1245 1398 vinum
1257 1343 1360 1414 reperit
1373 1344 1450 1400 malis
1464 1343 1538 1419 bigis
1724 1350 1859 1424 [impulit¹

1095 1431 1313 1503 prestantiorem
1326 1431 1449 1504 aurigam
1464 1449 1472 1487 ι
1486 1433 1664 1508 (ore-hiante)
1670 1435 1767 1495 bibens
1783 1441 1860 1496 enim

1331 1575 1379 1632 43.
1402 1575 1619 1634 ΑΔΕΣΠΟΤΟΝ.

1382 1688 1423 1742 uu
1447 1687 1566 1740 Ὀπίλιον.
1633 1746 1637 1755 Ι

1097 1789 1131 1860 dv
1147 1803 1283 1881 θυμέλῃσι
1299 1803 1375 1878 βιοὺς
1388 1806 1402 1858 d
1417 1808 1514 1882 γέρων,
1528 1805 1680 1874 ὀλοώτατος
1694 1808 1811 1890 ἀνδρῶν,

1136 1889 1263 1969 θυσσεθίῃ
1279 1889 1364 1958 συζῶν
1379 1893 1445 1968 ᾤετο
1461 1895 1607 1972 εὐτυχέειν·

1096 1984 1142 2036 καί
1150 1983 1173 2058 ρ’
1185 1981 1264 2057 ὄνομ’
1275 1977 1407 2045 Εὐσεθίος
1421 1983 1468 2057 μέν
1484 1984 1613 2058 ἀνῄνατο,
1626 1985 1760 2064 Εὖτυχέος
1774 1985 1799 2042 θ’
1812 1989 1859 2043 οὔ·

1135 2071 1270 2146 συγχωρεῖ
1283 2066 1307 2122 θ’
1323 2070 1395 2144 αὐτῷ
1411 2070 1442 2123 οὐ
1456 2072 1542 2145 φύσις,
1560 2068 1624 2126 οὐδέ
1638 2071 1729 2148 λόγος.

1096 2159 1151 2226 Τὴν
1166 2153 1200 2226 δὴ
1217 2157 1258 2212 ἐπ’
1274 2152 1382 2233 εὐσεθίῃ
1396 2153 1573 2233 εὐδαιμονίην
1589 2159 1626 2214 σέ’
1643 2161 1753 2226 decies(

1135 2245 1233 2308 καύτὸς
1247 2243 1315 2310 diet,
1332 2245 1422 2322 ἄρχων
1438 2246 1598 2322 ἀρχομένων
1613 2245 1709 2312 ιίλοῶς.

1667 2341 1810 2412 (Cfflubd

1392 2455 1443 2513 ll.
1466 2459 1562 2506 Abho.

1343 2557 1384 2611 Εἰς
1396 2559 1438 2604 eds
1451 2557 1627 2620 Διαθούμενσν.

1099 2679 1130 2735 Εἰ
1145 2679 1217 2733 frede
1230 2697 1272 2753 γε,
1290 2674 1409 2743 πολῖται,
1427 2675 1491 2752 ὄναρ
1505 2679 1552 2731 καί
1565 2681 1644 2733 τοῦτο
1660 2679 1780 2754 φαάνθη·

1098 2765 1211 2842 Οὔνομα
1225 2767 1286 2827 παῖς
1300 2765 1440 2839 φορέεσκεν
1455 2762 1606 2842 ἀγάιιλιιτσν
1620 2748 1778 2834 έιντωνῖνον,

283 2861 329 2936 qni
342 2870 419 2936 patre
433 2859 521 2919 seneli
533 2859 653 2935 genitus,
668 2860 715 2917 sed
731 2867 816 2920 metro
831 2859 939 2936 pudice,
972 2862 1045 2950 ivit.)
1097 2855 1197 2935 πατρὸς
1211 2850 1353 2924 ἅλωνήῑνυ
1364 2852 1495 2930 γεγονὼς,
1515 2857 1616 2932 μητρὸς
1630 2854 1654 2910 δ’
1671 2859 1723 2934 ἄρα
1739 2861 1859 2934 σεμνῆς,

284 2951 407 3022 (Centum
423 2967 484 3006 unm
499 2950 618 3006 moechos
631 2967 714 3023 pesse
725 2957 776 3016 est,
792 2957 953 3025 centumque
967 2969 1045 3027 roge·
1097 2945 1132 3017 ἧς
1143 2947 1169 3023 γ’
1184 2945 1278 3000 suesce
1295 2944 1403 3019 μῦῑχῦὶ,
1422 2945 1536 3019 μοιχοὺς
1551 2940 1643 3014 δίζηαι
1658 2942 1688 3000 δέ
1703 2945 1727 2999 κ’
1744 2945 1863 3008 ἄλλους·

260 3039 346 3111 5lpse
360 3039 440 3094 etiem
455 3037 546 3094 celsus
560 3038 682 3094 moechus
698 3037 756 3103 fuit,
774 3037 835 3094 inde
850 3038 973 3096 moritus.

286 3127 324 3182 lin
340 3127 414 3195 Pius,
431 3143 463 3180 en
477 3125 596 3193 Morcus,
612 3125 701 3182 Verus
716 3141 779 3181 nem
791 3142 845 3182 non
861 3125 912 3182 fuit
926 3126 979 3184 ille.

584 3423 627 3476 43.
647 3429 746 3472 butun.

505 3517 644 3568 Alexandri
658 3517 746 3568 Seueri
758 3517 820 3583 imp.

287 3645 412 3700 Pulcrum
428 3644 500 3716 qnod
514 3651 595 3716 putes
606 3661 665 3700 esse
679 3651 799 3700 vestrum
812 3661 915 3718 regem,
948 3660 950 3667 ·

287 3731 402 3804 vulgari,
417 3729 580 3796 miserande,
596 3731 629 3786 de
643 3730 741 3786 fcbella
756 3747 763 3786 ε

287 3821 309 3874 si
322 3837 412 3874 rerum
428 3827 508 3892 putes
520 3836 589 3882 esse.
606 3835 658 3873 non
669 3817 773 3873 irascor
789 3833 797 3874 ε

285 3917 388 3964 tuntum
402 3915 432 3963 tu
444 3906 569 3962 comedes
582 3905 660 3961 velim
674 3905 821 3978 lepusclos‚

262 4013 274 4059 5
286 4001 315 4050 ut
326 3994 386 4059 fres,
402 3993 483 4050 enimi
495 3992 572 4048 malis
581 3991 705 4064 repulsis,

286 4083 407 4154 pulcher,
420 4099 453 4137 nc
466 4081 586 4136 invideas
596 4079 677 4136 livore
692 4079 800 4138 mentis·

286 4487 393 4536 diurnus
404 4486 545 4537 foenerator
556 4487 633 4552 vulgo
647 4486 691 4552 qui
703 4487 780 4548 cluet,

320 4569 404 4620 scisne
415 4569 572 4636 Menipponl
584 4571 608 4620 ls
621 4579 662 4622 est

289 4655 333 4720 qui
346 4655 443 4706 Thebis
457 4653 519 4704 olim
533 4669 589 4715 sue,
605 4654 722 4720 perfosso
737 4654 844 4720 pariete,

289 4738 385 4800 emisit,
398 4737 545 4804 insciusque
556 4747 657 4791 neturus
672 4737 753 4800 canis,

321 4839 349 4873 se
363 4823 449 4872 necuit
463 4824 565 4888 laqueo.

745 4920 816 4960 niso.
829 4921 922 4958 LAEM·
938 4921 979 4958 RD.
994 4921 1047 4960 BIB·

1099 3035 1143 3091 λιθ
1159 3031 1297 3110 ραλακρθς
1315 3028 1344 3084 δέ
1362 3031 1456 3084 τὰνῦν
1481 3033 1528 3106 μέν
1543 3031 1623 3108 ἀνὴρ,
1640 3033 1810 3109 προπάροιθε
1832 3033 1863 3088 δὲ

1100 3212 1207 3287 Μάρκον
1221 3205 1292 3278 ἰδοὺ,
1306 3203 1352 3276 ἠδ’
1369 3201 1489 3260 Εὐσεὸέ’·
1504 3207 1535 3260 οὐ
1551 3207 1603 3283 γὰρ
1616 3207 1663 3277 έην
1677 3208 1719 3283 ὅγ’
1735 3117 1864 3278 λιλθγιθνόιζ

1668 3300 1809 3372 (Cescub.]

1394 3416 1443 3474 45.
1465 3428 1562 3474 nhho.

1302 3520 1450 3588 Ἀλεξάνδρου
1462 3521 1507 3572 τοῦ
1521 3521 1655 3584 Σεουήρου.

1137 3647 1191 3700 Τοῦ
1204 3641 1323 3706 κάλλους
1336 3642 1378 3699 θτι
1388 3645 1436 3698 τοῦ
1451 3639 1525 3697 σέθεν
1536 3638 1663 3718 μέδοντος

1141 3732 1244 3810 μύθοις,
1259 3733 1393 3808 πάγκακε,
1408 3731 1494 3785 αἰτίαν
1508 3731 1679 3807 προσάπτεις,

1137 3822 1187 3897 κᾷν
1203 3816 1271 3898 δόξῃ
1285 3837 1329 3874 σοι
1343 3815 1453 3888 ἀληθές,
1470 3819 1502 3873 od
1519 3816 1596 3894 μέλει
1611 3835 1669 3892 μοι.

1139 3906 1297 3983 θουλοίμην
1312 3902 1343 3960 δέ
1356 3925 1385 3962 σε
1400 3903 1494 3960 ἐσθίειν
1506 3903 1641 3982 λαγωούς,

1139 3999 1174 4059 ὡς
1188 3995 1281 4072 ψυχὴν
1295 3995 1391 4056 κακίας
1404 3990 1533 4068 καθάρας,
1551 3992 1607 4061 εἴης

1138 4081 1231 4147 καλὸς,
1251 4077 1323 4159 μηδὲ
1336 4077 1430 4142 καλοῖς
1442 4079 1525 4144 κακθς
1539 4077 1677 4158 ρθονοίης.
1717 4151 1805 4226 (sm
1821 4157 1831 4223 )

1389 4491 1429 4539 le.
1447 4503 1570 4540 escensu.

1382 4575 1412 4624 ln
1428 4571 1580 4638 Stilponem.

1101 4667 1215 4736 Megaris
1227 4672 1312 4718 retum
1322 4663 1443 4731 Stilpone
1454 4664 1525 4728 (nem
1538 4662 1616 4724 nosti,
1629 4663 1702 4729 puto)

1165 4751 1282 4810 morbus,
1295 4748 1390 4800 adhoc
1401 4745 1502 4798 scnium

1102 4913 1169 4981 bigoe
1181 4913 1257 4965 melec
1268 4913 1315 4963 sed
1327 4917 1418 4961 nectus
1429 4908 1547 4974 aurigam
1559 4909 1664 4968 bonum,

1166 4997 1217 5046 vite
1228 5001 1313 5046 sctum
1323 4992 1437 5050 laticem.

1166 5081 1216 5130 hoc
1230 5085 1317 5130 vectus
1332 5075 1411 5128 erite
1423 5074 1493 5126 exiit.
1695 5087 1722 5122 u.
1737 5087 1875 5126 osorius.
