3882 6080
253 445 311 502 tua

253 575 287 630 Εί
300 571 330 628 δί
344 593 400 640 κεν,
416 571 515 644 ἠελίου
530 575 576 627 σὺν
591 569 717 648 Παρθένῳ
733 574 904 648 ἐρχομένοιο,

255 662 391 739 ίσπερινός
405 663 524 736 σεισμὸς,
539 657 618 722 λαοῖς
629 662 690 713 τότε
703 657 802 734 λοιμός
814 658 913 714 ἅπασιν

255 750 370 805 ἔσσεται·
385 749 515 826 ἠμερινός
529 743 558 800 δὲ
573 748 664 824 possi<
677 748 797 823 καρποὺς
809 742 991 821 καταόλάψει.

212 954 242 1004 3⁵
254 924 287 978 El
302 919 326 978 δ’
339 921 371 978 δν
385 923 520 997 όπωρινήν
536 919 577 976 ἐπ’
590 922 737 999 ἰσημερίην
752 921 885 996 άρίιεηται

211 1595 239 1642 tt

253 1008 359 1079 ἠέλιος,
374 1007 475 1086 χηλαῖς
489 1006 646 1086 διαφαίνων,
663 1008 812 1084 νυκτερινός
826 1005 856 1062 δὲ

254 1099 365 1172 κινήση,
382 1098 492 1172 καρπῶν
507 1091 590 1164 δηλοῖ
602 1091 701 1170 φθόρον
717 1089 904 1168 ἑξαναρόντων

253 1185 344 1258 γαίης·
363 1183 443 1260 ὥραις
455 1179 480 1236 δ’
493 1183 645 1258 ἠμεριναίς,
662 1178 788 1255 χαλεπῆς
800 1177 863 1234 τόδε
878 1177 975 1257 φράζει

254 1272 320 1348 ἔργα
334 1273 436 1348 μάχης·
450 1266 571 1330 πολλοὺς
585 1265 609 1322 δ’
623 1270 711 1322 αὐτῶν
726 1269 796 1322 κατὰ
804 1271 871 1342 γαῖα
882 1266 1010 1344 καλύψει.

253 1533 286 1586 Εἰ
300 1529 330 1586 δέ
343 1551 399 1597 κεν,
412 1529 511 1600 ἠελίου
524 1530 570 1584 τόν
585 1531 717 1605 Σκορπίον
732 1527 920 1605 ἀμριδίοντος,

252 1623 379 1696 νύκτερος
390 1617 503 1694 όρμηδῄ
516 1620 599 1694 γαίης
613 1615 705 1689 σάλος,
723 1618 788 1695 ίργα
805 1619 909 1692 μάταια

254 1703 383 1784 ἀνδράσιν
398 1706 533 1777 ἔσσονται,
548 1701 829 1782 κακορραδμοσύνησι
843 1708 929 1760 νόοιο·

252 1795 383 1871 ἡμερινὸς
397 1791 427 1848 tt
442 1793 543 1870 ρανιίς,
558 1795 621 1846 τότε
633 1789 668 1862 δή
684 1796 743 1848 τότε
759 1790 846 1868 ἄλγεα
861 1787 956 1869 φράζει

254 1879 378 1937 ἔσσεσθαι
390 1879 532 1936 πολίεσσιν
548 1880 604 1934 ἀπό
618 1878 758 1956 πτολέμου
773 1883 909 1958 κρυεροῖο,

254 1971 320 2047 ἔργα
336 1973 518 2045 ματαιότατα,
534 1969 619 2038 Ζηνός
635 1966 757 2044 μεγάλου
773 1965 819 2023 διά
836 1967 948 2042 βουλάς.

253 2145 285 2198 El
299 2139 330 2198 δί
344 2163 400 2214 κεν,
415 2144 441 2198 ἐν
459 2143 542 2219 μοίρη
558 2145 606 2196 τοῦ
620 2136 740 2205 Τοξότου
754 2140 862 2210 ἠελίοιο

253 2234 444 2308 στρωρῶνεος,
458 2233 539 2306 γαῖαν
554 2231 654 2306 κινήση
668 2230 858 2306 Κυανοχαίτης

252 2319 415 2396 νυκτερινός,
433 2321 549 2395 σημεῖον
564 2315 686 2393 όλίδριον
702 2317 806 2372 ίσσεται
819 2313 924 2394 ἀνδρῶν

253 2404 377 2462 πολλῶν·
393 2406 525 2482 ἠμερινός
536 2401 566 2459 δὲ
581 2406 682 2480 φανείς,
698 2403 804 2460 πόλτων
822 2402 936 2478 βασιλῆϊ

254 2495 384 2570 σημαίνει
402 2491 526 2569 μεγάλην
538 2494 623 2568 τιμὴν
636 2494 684 2546 καί
698 2496 822 2569 σκῆπτρα
833 2490 947 2548 λιπόντα

252 2580 327 2659 ἄλλῃ
344 2579 500 2659 ίποίχεσθαι
511 2578 635 2657 φεύγοντ’
649 2580 704 2635 aaa
718 2577 847 2658 πατρίδος
859 2581 932 2650 α’ίης.

251 3019 283 3072 Εί
298 3015 323 3072 δ’
339 3017 382 3090 ἂν,
400 3018 426 3072 is
440 3018 613 3096 Αίγοιιίρωτι,
631 3015 674 3074 όθι
684 3015 915 3096 τροπαίήελίοιο.

250 3107 418 3184 χειμεριναί,
435 3107 595 3182 στείχοντος,
612 3102 673 3169 ἕδος
690 3103 788 3183 χθονός
805 3105 914 3182 ἔννυχος
928 3101 1012 3160 ἐλθὼν

253 3191 398 3269 Σεισίχδων
412 3197 492 3271 γαῖαν
506 3197 606 3271 κινήση
620 3198 755 3271 πνεύματι
768 3189 872 3272 λάόρῳ,

253 3279 353 3358 φράζεο
368 3279 403 3351 δὴ
418 3280 541 3357 πόλεμον
554 3284 601 3336 καί
615 3279 721 3360 δάκρυα
733 3285 804 3338 τοῖσι
816 3279 951 3358 γενίσθαι,

252 3373 298 3424 καὶ
311 3374 413 3425 στᾱσιν·
429 3370 560 3448 ἠμερινός
573 3367 603 3424 δὲ
619 3371 709 3446 φανείς
722 3369 912 3450 καρπορθόρος
925 3371 1010 3428 ίσται.

522 3924 569 3975 Sol
581 3926 609 3975 in
625 3925 739 3990 Vispinc.

253 4024 291 4084 Si,
306 4025 367 4073 (lum
381 4023 504 4076 Phoebeis
518 4022 600 4076 radiis
613 4024 717 4074 Astraea
730 4023 845 4084 calescit,

252 4111 392 4156 nocturnus
405 4106 494 4170 fragor
507 4113 557 4167 est,
571 4105 682 4170 populus
695 4105 747 4156 fert
760 4105 880 4156 omnibus
895 4113 979 4157 atram

251 4187 295 4238 ille
309 4188 405 4238 famem
420 4204 427 4237 ι
443 4188 531 4253 fruges
546 4188 611 4240 satis
625 4197 666 4240 sst
678 4189 779 4240 laesisse
793 4189 896 4240 diurno.

538 4307 585 4359 Sol
598 4307 726 4360 inlibris.

251 4418 314 4466 Cum
328 4423 417 4467 noctes
430 4417 553 4482 lucesque
567 4431 643 4482 pares
656 4418 735 4469 Libra
746 4417 846 4478 fecerit,
859 4425 885 4468 et
897 4419 937 4468 sol

251 4498 299 4548 ibit
311 4498 338 4548 in
353 4506 514 4560 autumnum,
530 4497 615 4548 noctis
630 4499 652 4550 si
667 4505 783 4566 tempore
795 4499 873 4551 tellus

249 4581 341 4645 mugit,
358 4580 483 4631 abortivis
497 4581 623 4646 pallescet
636 4581 753 4646 frugibus
767 4597 865 4646 annus;

250 4665 323 4714 clara
336 4663 391 4714 dies
406 4672 505 4714 motum
518 4664 631 4715 similem
645 4664 668 4714 si
683 4666 803 4728 tenurit,
819 4667 913 4718 adsunt

251 4748 351 4812 praelia,
365 4747 478 4798 funereis
492 4748 569 4797 tellus
583 4756 702 4813 assurget
715 4749 825 4800 acerris.

522 4865 568 4914 Sol
580 4866 608 4915 in
622 4866 736 4930 Scorpio.

252 4972 319 5022 Dum
333 4974 415 5023 solem
429 4971 535 5034 retinet,
550 4989 607 5038 quse
620 4979 646 5023 te
660 4975 725 5039 pede
738 4974 815 5035 lsesit,
832 4975 921 5038 Orion,

253 5054 346 5114 bestia,
359 5064 486 5106 nocturno
500 5055 613 5121 trepidet
626 5055 649 5106 si
663 5065 734 5107 terra
747 5057 869 5118 tumultu,

199 5187 202 5193 ,
252 5145 339 5202 empta
350 5137 433 5188 virum
448 5139 534 5188 stultis
549 5154 640 5190 cernes
653 5155 792 5191 vanescere
806 5141 889 5202 curis;

251 5233 297 5271 ont
310 5222 331 5271 si
347 5223 403 5272 luce
418 5229 522 5284 tremat,
533 5223 589 5289 jam
603 5224 686 5274 luctus
697 5225 805 5274 urbibus
817 5225 915 5276 instant

706 439 962 498 ANTHOLOGIAE
983 437 1132 498 GRAECAE
1153 439 1377 499 APPENDlClS

1066 575 1113 632 Sin
1128 585 1228 645 auum,
1242 577 1298 634 sola
1312 595 1373 634 eum
1387 577 1498 649 Virgine
1512 575 1700 644 conveniente,
1729 577 1828 649 [versis

1065 663 1237 737 vespertinus
1253 669 1343 720 motus
1353 666 1449 732 merit,
1466 663 1573 738 populis
1590 669 1655 720 tunc
1669 665 1756 737 pestis
1767 663 1827 719 uni·

1067 750 1133 817 erit;
1150 749 1264 806 diurnus
1275 757 1365 806 autem
1380 749 1403 805 si
1418 750 1586 824 apparuerit,
1604 750 1699 822 fruges
1711 749 1827 822 affliget.

1066 923 1114 980 Sin
1128 930 1219 980 autem
1231 922 1386 979 autumnale
1400 923 1435 977 ad
1449 921 1639 994 aequinoctium
1652 921 1758 978 venerit

965 1052 968 1060 .
1066 1011 1117 1079 sol,
1127 1013 1200 1068 inter
1210 1010 1318 1067 forfices
1328 1011 1424 1067 Conseri
1432 1009 1535 1078 lucens,
1546 1015 1748 1082 nocturnusque
1758 1013 1830 1081 Nep·

1735 1098 1829 1168 [mnus

1068 1185 1228 1253 excusserit,
1246 1185 1355 1257 frugum
1370 1183 1472 1240 indicat
1491 1183 1639 1258 perniciem
1657 1184 1828 1240 nascentium
1926 1201 1927 1208 ¹

1066 1279 1156 1342 terra3
1172 1272 1248 1328 horis
1261 1279 1351 1328 autem
1365 1271 1480 1338 diurnis,
1497 1287 1575 1328 sara
1588 1271 1672 1326 hocce
1686 1271 1795 1326 nuntiat

1067 1377 1152 1434 opera
1161 1377 1260 1434 pugna
1270 1378 1276 1416 ι
1287 1360 1386 1416 multos
1397 1367 1488 1416 autem
1500 1375 1592 1416 eorum
1602 1367 1677 1416 terro
1687 1366 1828 1430 conteget.

1067 1535 1113 1590 Sin
1131 1543 1231 1602 autem,
1247 1535 1303 1590 sole
1315 1533 1491 1607 Scorpionem
1505 1533 1742 1596 circumcurrente,

1067 1627 1200 1678 nocturna
1212 1629 1273 1677 orta
1287 1620 1323 1676 sit
1334 1628 1414 1676 terrea
1429 1621 1555 1694 agitatio,
1571 1637 1656 1694 opera
1670 1637 1740 1676 vana

1067 1707 1133 1764 viris
1147 1716 1236 1774 erunt,
1251 1707 1465 1764 malis-consiliis
1478 1706 1576 1764 mentis
1590 1725 1597 1763 :

1068 1796 1166 1852 diurna
1180 1795 1203 1852 si
1217 1796 1387 1870 apparuerit,
1404 1803 1469 1852 tunc
1484 1813 1550 1852 sane
1564 1801 1629 1851 lunc
1646 1794 1755 1851 nuntiat
1777 1794 1828 1850 do-

1069 1886 1248 1940 latum-esse
1263 1883 1419 1940 civitatibus
1435 1901 1469 1940 ex
1484 1883 1554 1940 bello
1569 1883 1715 1950 horrendo,

1068 1989 1153 2046 opera
1166 1971 1323 2040 vanissima,
1339 1971 1414 2028 lovis
1428 1971 1521 2044 magni
1536 1987 1585 2044 per
1596 1970 1719 2027 consilia.

1068 2149 1116 2204 Sin
1130 2154 1230 2216 autem,
1247 2147 1274 2203 in
1289 2147 1377 2220 gradu
1390 2146 1574 2204 Arcitenentis
1586 2146 1643 2203 sole
1744 2149 1829 2215 [Deris
1930 2206 1931 2228 γ

1068 2241 1204 2300 versante,
1230 2241 1329 2292 terram
1352 2233 1467 2291 moverit
1490 2232 1829 2307 nigros-capillos·ltobens

1067 2329 1225 2390 nocturnus,
1238 2321 1346 2394 signum
1362 2320 1543 2395 perniciosum
1556 2324 1576 2377 ι’.
1597 2337 1620 2377 e.
1638 2319 1666 2375 in
1680 2319 1829 2393 perniciem

1632 2406 1695 2476 [erit
1707 2406 1828 2464 virorum

1067 2497 1224 2564 multorum
1249 2496 1362 2552 diurnus
1381 2503 1471 2552 autem
1488 2493 1512 2550 si
1531 2494 1699 2569 apparuerit,
1719 2494 1829 2550 urbium
1931 2511 1932 2534 ι

1768 2598 1797 2636 re

1067 2670 1205 2745 significat
1221 2687 1321 2744 magno
1341 2671 1444 2727 honore
1463 2677 1491 2726 et
1509 2670 1632 2726 eumdem
1650 2583 1768 2742 sceptrig
1784 2599 1829 2724 τῗί
1932 2730 1933 2748 γ

1743 2757 1830 2819 lictis,
1932 2787 1933 2798 ι

1066 2848 1118 2906 olio
1136 2849 1212 2906 abire
1226 2847 1375 2922 fugientem
1388 2849 1484 2920 procul
1497 2863 1514 2902 a
1525 2845 1614 2920 patria
1629 2854 1711 2902 terra.
1732 2759 1737 2828 Ι

1065 3023 1115 3080 Sin
1128 3031 1229 3092 autem,
1245 3024 1273 3080 in
1294 3023 1469 3099 Capricorno,
1485 3023 1531 3078 ubi
1549 3022 1740 3078 conversiones
1760 3022 1830 3078 solis
1933 2992 1934 3054 ί

1067 3112 1197 3170 hiemales
1210 3120 1285 3181 sunt,
1300 3113 1416 3168 radente
1429 3111 1493 3176 sole,
1510 3110 1602 3166 sedem
1614 3117 1749 3166 terrenam
1764 3126 1829 3164 noc-

1613 3199 1720 3264 [turnus
1729 3195 1829 3250 adiens

1066 3288 1303 3344 Tema-excussor
1316 3285 1439 3343 tellurem
1456 3284 1571 3342 moverit
1584 3283 1683 3358 spiritu
1706 3283 1828 3338 violento
1857 3282 1859 3286 ’

1066 3373 1188 3448 intellige
1203 3392 1268 3432 sane
1283 3374 1382 3432 bellum
1397 3381 1425 3430 et
1438 3373 1564 3428 lacrimas
1577 3371 1610 3428 iis
1623 3371 1747 3428 evenisse

1067 3471 1096 3520 et
1114 3462 1288 3532 seditionem
1308 3461 1476 3535 diurnosque
1494 3461 1517 3516 si
1540 3459 1708 3534 apparuerit,
1734 3457 1827 3530 frugi-

1502 3547 1745 3622 [busperniciosus
1761 3546 1827 3602 erit.

1066 3924 1199 3985 horrendi,
1213 3939 1277 3990 quos
1291 3939 1361 3974 saera
1372 3924 1471 3974 dabunt
1483 3922 1627 3973 certamina
1641 3920 1733 3972 biantis

1067 4008 1251 4074 necquicquam
1265 4015 1398 4071 snscepts;
1412 4005 1498 4056 ferunt
1509 4004 1546 4055 ita
1559 4005 1614 4055 fata
1626 4003 1763 4054 Tonantis.

1318 4131 1364 4182 Sol
1376 4133 1404 4184 in
1418 4133 1571 4198 Sopittorio.

1066 4246 1133 4297 Dum
1145 4244 1225 4296 micat
1237 4243 1385 4294 arcitenens
1398 4245 1513 4294 Phoebeo
1525 4241 1622 4292 lumine
1636 4241 1742 4300 chiron,

1066 4328 1088 4380 si
1100 4329 1157 4378 sola
1171 4343 1230 4378 cum
1243 4325 1332 4377 trifida
1344 4327 1480 4390 Neptunus
1491 4324 1600 4376 moverit
1610 4325 1696 4386 hasta,

1065 4427 1115 4462 nox
1127 4412 1187 4471 erit,
1199 4410 1306 4462 exitirm
1316 4408 1407 4460 multis
1419 4408 1572 4460 mortalibus
1586 4408 1674 4469 αδετις

1064 4503 1101 4558 at,
1114 4494 1136 4545 ri
1149 4495 1193 4544 lux
1205 4493 1291 4554 fuerit,
1306 4491 1372 4558 regi,
1384 4491 1430 4557 qui
1443 4490 1565 4556 presidet
1576 4489 1644 4551 urbi,

1064 4593 1174 4642 magnus
1185 4579 1268 4629 honos
1285 4577 1412 4642 primum
1428 4575 1474 4626 sed
1487 4589 1548 4624 mox
1564 4589 1613 4624 sua
1626 4581 1731 4638 sceptra
1747 4573 1834 4622 relin-

1065 4660 1113 4710 ibit
1126 4659 1153 4710 in
1168 4659 1281 4710 externis
1295 4658 1410 4708 victurus
1425 4655 1520 4706 fluibus
1533 4656 1600 4705 exul.
1733 4655 1834 4718 [quens

1308 4783 1355 4834 Sol
1368 4785 1395 4834 in
1410 4783 1576 4848 Capricomo.

1063 4895 1143 4945 Flexa
1154 4907 1202 4958 per
1216 4890 1331 4958 aequorei
1342 4899 1431 4944 currat
1445 4891 1468 4942 si
1479 4907 1578 4942 cornua
1591 4888 1701 4941 monstri

1063 4977 1176 5028 Pboebus
1187 4983 1214 5026 et
1225 4973 1344 5036 hiberna,
1357 4989 1414 5040 quse
1427 4981 1482 5024 tum
1493 4973 1655 5038 longissima,
1670 4979 1746 5022 nocte
1760 4981 1805 5022 est

1063 5076 1107 5110 rex
1121 5058 1209 5126 pelagi
1220 5059 1307 5109 valido
1319 5057 1420 5123 quatiat
1430 5057 1573 5124 spiramine
1585 5064 1691 5114 terram,

1063 5159 1157 5210 aspera
1169 5143 1263 5194 seditio
1277 5142 1444 5207 lacrimaeque
1458 5149 1484 5190 et
1498 5139 1567 5191 bella
1581 5146 1731 5204 sequentur.

1065 5225 1193 5277 Pradicet
1206 5226 1323 5292 peritura
1336 5233 1433 5276 tremor
1447 5232 1504 5276 sota
1518 5227 1579 5276 laeto
1591 5224 1708 5275 (limnas.

1744 1706 1830 1779 [loros
1928 1725 1929 1732 ¹
