3818 6012
227 341 265 400 re
489 303 497 314 ’
682 347 944 412 nnrnouoeun
965 352 1116 414 canen
1138 355 1367 420 ceraunium

227 461 414 566 quttltnct'
401 488 447 541 οος
462 480 535 556 ἀμφὶ
550 475 693 535 θυοσκόοι
683 482 728 556 ἱρὰ
743 484 884 558 φέρουσαι.
1058 482 1173 556 Regilla
1188 485 1289 542 circum
1305 486 1480 546 simulacrum
1499 492 1677 568 haruspicina
1691 513 1780 554 sacra
1800 495 1851 550 se·

227 561 569 643 Ηὲθπολυκτεάνωνμὲν
586 564 860 638 ἔηνὲΕΑἰνεαθάων,
1711 585 1850 655 [rentes.
1902 567 1903 652 l

206 639 314 740 Ᾱγχόσ
316 674 351 710 τω
365 653 465 710 κλυτόν
482 653 553 732 οἶμοι
568 654 658 711 καὶὸ
630 640 658 711 lb
661 660 724 726 αίης
738 641 830 736 Ᾰρροδ
834 661 901 729 ίιης.
1057 657 1106 713 llla
1116 658 1306 730 predivitibus
1321 661 1431 734 quidem
1442 665 1560 720 creando
1573 674 1632 722 erat
1642 667 1849 730 exAEneadiS,

205 746 342 820 alapam
358 740 382 798 δ’
400 745 436 808 εἰς
449 742 617 823 Marpesiam,
634 744 695 802 θεαὶ
707 745 737 802 δέ
753 768 797 824 μιν
812 749 983 828 Οὐρανιῶναι
1056 745 1183 801 Anchisa
1196 745 1306 803 inclitus
1319 749 1434 822 sanguis
1449 756 1477 806 et
1491 750 1569 806 Idaea
1583 752 1709 808 Veneris.
1902 737 1903 820 ¹

230 839 340 898 τίουσιν,
358 833 423 904 Δηώ
438 853 466 888 τε
482 837 543 904 νέη,
562 836 627 906 Δηώ
641 856 670 890 τε
684 857 724 890 πα
725 835 805 908 λαιη,
1057 835 1157 908 Nupsit
1172 843 1263 892 autem
1277 838 1448 906 Marathone,
1465 839 1577 913 deaeque
1594 859 1653 896 eam
1668 845 1807 904 calicolae
1902 823 1903 910 ¹

228 927 291 1001 τῇσί
304 944 353 1001 περ
369 922 440 999 ἱερόν
455 919 526 986 εἶδος
541 919 673 989 ἐϋζώνοιο
688 928 816 1002 γυναικός
1056 924 1202 992 honorant,
1219 923 1356 997 Ceresque
1368 943 1449 996 nova,
1465 927 1601 1000 Ceresque
1618 939 1736 1003 vetusta,

230 1016 367 1090 ἄγκειται·
385 1013 455 1082 αὐτ-ψ
473 1009 502 1066 δὲ
520 1009 580 1088 μεθ’
596 1014 722 1091 ήρῴνησι
737 1018 864 1072 νέναστκι
1056 1013 1155 1087 quibus
1171 1029 1249 1068 saera
1260 1012 1354 1087 imago
1367 1013 1546 1072 beneeincta
1564 1017 1686 1076 mulieris
1902 1075 1903 1116 γ

231 1106 256 1158 ἐν
270 1105 399 1180 μακάρων
414 1105 548 1173 νήσοισιν,
563 1100 609 1156 ἵνα
620 1102 727 1179 Κρόνος
743 1101 929 1180 ἐμόοισιλεύει,
1056 1104 1206 1159 dicata-est
1221 1120 1227 1157 :
1244 1101 1307 1178 ipsa
1320 1111 1412 1160 autem
1427 1105 1498 1160 inter
1512 1106 1642 1164 heroidas
1657 1117 1794 1167 versatur
1902 1137 1903 1156 ι

187 1193 215 1241 ¹⁰
229 1195 315 1248 Τοῦτο
329 1194 382 1270 γὰρ
399 1192 456 1246 ἀντ’
472 1189 589 1268 όιγαθοῖο
603 1197 668 1246 νόον
686 1191 798 1271 εἰληχεν
815 1196 938 1254 ἄποικον.
1056 1193 1084 1248 in
1095 1191 1238 1248 beatorum
1253 1192 1359 1262 inantia,
1376 1193 1423 1249 ubi
1438 1194 1574 1253 Saturnus
1589 1205 1699 1272 regnat.

230 1267 268 1346 θὶς
282 1283 308 1336 οἱ
322 1283 387 1344 Ζεὺς
402 1283 526 1360 ᾤκτειρεν
542 1279 711 1360 ὀδυρόμενον
727 1287 909 1360 παρακοίτην,
1057 1283 1115 1338 Hoc
1129 1281 1200 1336 enim
1213 1299 1262 1354 pro
1277 1282 1351 1338 hona
1361 1289 1453 1340 mente
1467 1292 1549 1342 nacta
1566 1294 1609 1344 est
1622 1289 1780 1362 premium.
1902 1359 1903 1366 γ

229 1374 304 1448 γήρᾳ
318 1371 344 1425 ἐν
361 1367 470 1446 ἀζαλέῳ
485 1373 563 1448 χήρη
575 1373 763 1448 περικείμενον
780 1373 861 1449 εὐνῇ·
892 1439 895 1446 Ι
1055 1371 1101 1427 Sic
1114 1369 1139 1426 ei
1154 1369 1262 1444 Jupiter
1276 1371 1405 1428 misertus
1420 1379 1463 1429 est
1480 1374 1675 1434 lamentantem
1686 1378 1844 1441 maritum,
1902 1381 1903 1420 ἶ

231 1459 330 1515 οθντκά
343 1463 370 1514 οἱ
383 1459 483 1524 παῖδας
500 1462 547 1535 μὲν
564 1463 708 1537 ἀμύμονος
724 1463 753 1516 ἐκ
768 1464 899 1540 μεγάροιο
1056 1465 1197 1518 senectute
1211 1459 1240 1516 in
1254 1461 1340 1529 arida,
1357 1461 1440 1518 viduo
1454 1465 1590 1538 jacentem
1604 1465 1633 1521 in
1644 1465 1727 1522 cubili
1742 1482 1750 1522 t

231 1550 345 1628 ἅρπυιαι
358 1547 494 1613 Κλωθῶτς
508 1548 692 1626 ἀνηρείψαντο
711 1548 841 1628 μέλαιναι
1057 1549 1122 1624 quia
1134 1547 1190 1622 ipsi
1202 1547 1304 1606 liberos
1319 1551 1430 1624 quidem
1445 1572 1480 1609 ex
1493 1555 1573 1610 domo
1586 1555 1767 1612 labe-carenti

187 1656 216 1703 {5
229 1641 348 1715 ἡμίσεας
362 1637 499 1694 πλεόνων·
518 1635 583 1694 δοιὼ
600 1635 623 1692 δ’
641 1640 680 1694 ἔτι
693 1637 774 1696 παῖδε
789 1641 921 1714 λιπέσθην
1056 1655 1172 1712 rapaces
1184 1639 1278 1695 Parem
1295 1641 1472 1700 detruserunt
1487 1643 1583 1718 nigrae,
1902 1703 1903 1710 ,

230 1731 370 1805 νηπιάχω,
388 1730 490 1804 ἀγνῶτι
505 1731 608 1800 κακῶν,
625 1729 663 1784 ἔτι
674 1732 790 1807 πάμπαν
809 1733 931 1802 ἀτύστω,
1058 1726 1328 1801 dimidiam-partem
1356 1730 1474 1804 plurium
1502 1749 1509 1788 :
1536 1734 1590 1790 duo
1618 1728 1717 1792 nutem'
1736 1733 1845 1789 adhuc
1902 1731 1903 1758 ³

231 1817 293 1887 οἵην
308 1836 368 1893 σφιν
382 1816 472 1888 νηλὴς
485 1820 556 1874 κατὰ
573 1823 679 1897 μητέρα
695 1823 800 1897 πότμος
816 1819 950 1897 ἔμαρψεν,
1547 1824 1636 1898 [pueri
1650 1822 1843 1897 reliqui-sunt
1902 1815 1903 1866 l

230 1909 291 1984 πρίν
305 1925 355 1983 περ
368 1926 405 1983 γ
379 1911 503 1985 ηραιῇσι
517 1912 669 1986 μιγήμεναι
685 1907 856 1986 ηλοικάινγσι.
1057 1909 1186 1982 intentes,
1198 1911 1287 1986 ignari
1295 1911 1438 1981 malorum,
1450 1912 1541 1967 adhuc
1553 1911 1663 1968 omnino
1673 1911 1843 1968 nescientes

231 1993 319 2072 Tadi
307 1997 398 2060 ὲΖεὺς
412 1997 524 2074 ἐπίηρον
541 1995 590 2053 όδυ
575 2002 699 2078 ροιιένω
713 2002 861 2078 ακόρητον
1057 1999 1165 2071 qualem
1180 1999 1233 2055 sihi
1248 1999 1359 2056 immitis
1374 2006 1489 2056 matrem
1504 2016 1565 2055 sors
1578 1999 1693 2073 ceperit,
1902 1989 1903 2008 ¹

187 2094 216 2142 20
230 2105 277 2140 και
295 2084 422 2160 βασιλευς
437 2085 481 2140 Δι
493 2107 563 2165 πατρ
565 2090 661 2164 ρυὴν
676 2091 723 2144 καὶ
739 2109 821 2165 μητιι
836 2091 940 2159 ἐοικως,
1058 2087 1217 2160 priusquam
1233 2087 1364 2146 senilibus
1376 2088 1506 2145 misceret
1518 2087 1595 2145 colis.
1902 2137 1903 2140 ,

231 2175 295 2238 Ζεὺς
284 2195 359 2251 μεν
371 2176 397 2238 ες
411 2107 563 2232 Ωκεανόνθ
549 2174 615 2232 θαλε
618 2179 674 2268 ρὴν
686 2177 786 2234 ἔστειλε
800 2181 919 2256 γυναῖκα
1058 2175 1099 2231 llli
1123 2183 1214 2234 autem
1239 2176 1348 2251 Jupiter
1365 2177 1539 2233 commodum
1560 2179 1637 2234 dedit
1655 2177 1839 2244 lamentanti,
1902 2169 1903 2230 l

231 2263 332 2341 αὕρῃσι
346 2265 477 2341 Ζεφύροιο
492 2260 643 2342 κομιζέμεν
659 2249 825 2345 θλυσίησιν·
1469 2267 1642 2340 [quo-satiari
1654 2285 1710 2324 non
1723 2274 1838 2342 potest,

232 2353 316 2430 αὐτάρ
333 2353 348 2408 ό
365 2354 526 2430 ἀστερόεντα
540 2357 602 2430 περὶ
617 2373 668 2462 squ
688 2357 706 2408 ὰ
720 2329 799 2410 crica
813 2352 913 2411 πέδιλα
1057 2363 1085 2414 et
1096 2374 1146 2413 rex
1159 2356 1219 2414 Jovi
1232 2356 1304 2431 patri
1320 2362 1348 2413 et
1359 2363 1459 2414 natura
1474 2363 1502 2412 et
1514 2356 1661 2430 prudentia
1675 2355 1785 2422 similis,

232 2438 345 2496 δῶκενέ
332 2443 414 2520 ἔχειν,
431 2444 465 2496 τα
478 2439 592 2518 λέγουσι
606 2445 653 2496 και
668 2445 807 2532 θρααωνα
823 2447 951 2522 φορῆναι,
1058 2447 1167 2520 Jupiter
1188 2446 1299 2520 quidem
1320 2446 1348 2501 in
1371 2446 1509 2502 Oceanum
1532 2446 1675 2502 florentem
1693 2445 1839 2502 commisit

187 2527 304 2607 ειτῆμος
319 2530 358 2584 ἅτ’
373 2531 479 2585 Αἰνείαν
494 2528 621 2606 πολέμου
639 2525 684 2585 ἔθ’
653 2551 735 2608 ηγεν
749 2535 870 2609 nyctos
1057 2534 1132 2591 auris
1145 2534 1264 2609 Zephyri
1279 2534 1420 2590 terendam
1436 2535 1560 2608 Elysiis:
1677 2535 1838 2608 [mulierem

231 2623 316 2675 νύκτα
332 2615 378 2674 διὰ
394 2617 548 2696 δνορερήν·
567 2620 581 2672 ό
596 2616 626 2673 δέ
642 2621 744 2697 οἱπερὶ
759 2623 841 2676 ποσσὶ
854 2621 964 2697 σοιωτὴρ
1058 2629 1140 2697 atque
1155 2622 1199 2678 ille
1210 2623 1278 2696 (rea)
1288 2622 1396 2678 siderea
1406 2621 1629 2679 circamalleolos
1645 2625 1677 2696 (ι’.
1691 2640 1715 2679 e.
1731 2623 1838 2697 pedes)
1902 2625 1903 2684 ξ

230 2712 401 2785 παμροινόων
418 2711 533 2764 ἐνέκειτο
551 2706 700 2780 σεληναίης
714 2708 813 2773 κύκλος
828 2706 948 2788 [αθγηςψ
1653 2711 1764 2784 [talaria
1775 2709 1840 2765 filio
1902 2711 1903 2798 γ

230 2799 276 2854 τόν
292 2795 321 2852 δὲ
336 2795 527 2853 calcitrantium
541 2795 602 2852 ποτ’
618 2797 803 2876 ἐνερράψαντο
816 2797 931 2876 πεδίλῳ,
1058 2801 1135 2858 dedit
1148 2799 1262 2867 habere,
1276 2818 1337 2874 qum
1349 2799 1444 2857 dicunt
1459 2808 1487 2858 et
1499 2799 1668 2857 Mercurium
1682 2799 1811 2874 gessisse
1902 2815 1903 2878 j

231 2883 361 2964 [ἔμμεναι
375 2887 544 2963 ὀψιγόνοισιν
560 2882 744 2963 εύψηγενόεσσι
760 2891 862 2965 γερᾶα·
1058 2889 1168 2964 quando
1183 2877 1295 2946 AEneam
1309 2888 1381 2945 bello
1397 2889 1493 2947 eduxit
1505 2890 1678 2956 Achoeorum,
1722 2887 1839 2960 [lutaris
1902 2903 1903 2956 ι

187 2979 216 3026 30
231 2973 263 3029 οὔ
281 2995 325 3050 μιν
341 2975 489 3045 όνόσοηται
503 2976 551 3029 καὶ
565 2972 737 3052 Κικροττίδην
752 2977 830 3054 περέ
834 2979 879 3032 ύτν
881 2997 909 3045 οι,
1059 2983 1167 3038 noctem
1182 2994 1233 3051 per
1249 2977 1439 3050 caliginosam.
1453 2977 1486 3034 Ei
1500 2985 1592 3034 autern
1605 2975 1678 3032 circa
1690 2975 1777 3050 pedes
1792 2991 1839 3031 sa·
1902 3001 1903 3056 ς

231 3063 376 3149 Τυρσηνῶν
392 3065 508 3141 ἀρχαῖον
526 3065 650 3170 tnrqqtp·
647 3083 685 3118 ον
697 3065 779 3142 γέρας
794 3061 910 3142 ἀνδρῶν,
1060 3065 1196 3122 collucens
1210 3064 1363 3122 inherebat
1376 3065 1480 3122 lunaris
1493 3065 1610 3122 circulus
1619 3064 1728 3138 jubaris
1744 3083 1751 3121 ι
1902 3057 1903 3062 ’

230 3135 342 3238 θρσης
334 3152 492 3228 ἐκγεγαῶτα
506 3154 554 3208 καὶ
571 3137 647 3230 lappe
649 3173 681 3218 ω,
699 3155 723 3206 εἰ
738 3153 792 3206 ἐ·
756 3173 810 3208 εον
826 3150 861 3223 δὴ
1061 3155 1133 3211 hunc
1147 3160 1176 3210 et
1186 3154 1314 3211 AEneadae
1326 3153 1464 3226 quondam
1477 3153 1621 3210 insuerunt
1634 3153 1741 3223 calceo,

231 3223 390 3317 Κήϋξθρώ
370 3237 447 3294 abso
461 3244 596 3318 πρόγονος
612 3238 789 3312 Θησηϊόδαο
1062 3245 1134 3318 quod
1149 3244 1221 3300 toret
1233 3243 1352 3318 posteris
1364 3243 1503 3300 nobilibus
1517 3243 1669 3318 premium.

1063 3335 1123 3390 Non
1135 3333 1195 3406 ejus
1210 3333 1364 3406 paenitebit,
1381 3332 1506 3405 quamvis
1519 3332 1686 3406 Cecropides
1698 3338 1750 3402 est,

1062 3425 1267 3500 Tyrrhenorum
1292 3424 1434 3498 antiquum
1459 3424 1722 3498 malleolos-tegens
1746 3423 1837 3480 decus

1064 3515 1150 3572 Herse
1162 3513 1219 3570 nati
1234 3519 1262 3570 et
1274 3513 1421 3581 Mercurio,
1438 3513 1460 3570 si
1474 3532 1538 3570 vere
1554 3513 1664 3587 quidem
1689 3511 1836 3586 [virorum.
1902 3511 1903 3584 f

1064 3603 1138 3676 Ceyx
1154 3601 1271 3658 herodis
1282 3603 1338 3670 fuit
1350 3608 1447 3658 atavus
1459 3602 1612 3658 Theseide.

233 3798 345 3865 Regillae
357 3798 457 3848 circum
470 3798 585 3862 effigiem
599 3813 676 3848 sacra
690 3797 741 3848 rite
756 3797 879 3850 serentes.
1058 3798 1188 3864 luppiter,
1203 3804 1281 3863 atque
1294 3797 1310 3846 J
1313 3795 1355 3847 ori
1369 3812 1418 3862 par
1429 3803 1516 3847 mente
1529 3805 1555 3847 et
1572 3812 1682 3862 corpore
1696 3796 1835 3864 princeps.

233 3883 297 3932 Haec
311 3888 369 3932 erat
380 3883 531 3932 AEneadum
545 3883 577 3932 de
592 3882 721 3947 sanguine
735 3889 809 3934 creta
822 3891 967 3949 potentum,
1057 3879 1180 3946 luppiter
1194 3879 1299 3930 Oceano
1313 3895 1422 3930 uxorem
1433 3887 1493 3945 post
1505 3880 1599 3930 funera
1608 3878 1682 3930 misit

233 3965 357 4016 Anchisae
369 3965 532 4030 Venerisque
544 3967 621 4016 Idaeae
632 3968 706 4017 clara
718 3982 851 4034 propago;
1059 3967 1142 4032 Elysii
1156 3965 1268 4033 Zephyri
1284 3965 1441 4030 portandam
1454 3965 1579 4016 mollibus
1593 3964 1675 4016 auris.

233 4055 312 4114 nupta
329 4055 417 4098 tamen
429 4048 586 4098 Marathone
597 4049 660 4110 fuit3
674 4049 771 4100 dilecta
784 4050 883 4100 deabus
1058 4055 1093 4104 At
1107 4051 1229 4120 princeps
1242 4052 1332 4101 lunata
1348 4050 1443 4116 pedum
1456 4051 1502 4100 dat
1516 4049 1621 4100 vincula
1632 4056 1714 4100 nato:

234 4132 367 4193 caelicolis,
382 4146 485 4196 magnac
500 4131 600 4193 Cereri,
614 4135 754 4201 Cererique
766 4133 872 4194 minori,
1059 4137 1148 4203 qualis
1161 4135 1308 4186 Mercurius
1322 4134 1454 4199 quondam
1467 4141 1586 4198 gestasse
1603 4140 1718 4198 putatur,

234 4233 311 4268 sacra
325 4215 420 4282 quibus
433 4221 485 4266 stat
499 4215 619 4267 femineae
632 4220 680 4267 sub
694 4218 811 4284 imagine
824 4221 915 4271 formae
929 4236 935 4270 ι
1060 4237 1139 4288 quum
1154 4222 1260 4271 flamma
1270 4220 1395 4276 AEnearn,
1412 4217 1532 4282 belloque
1546 4216 1634 4267 eduxit
1646 4218 1778 4268 Achivum

233 4301 292 4367 ipsa
306 4301 395 4352 locum
406 4299 453 4350 sed
466 4299 547 4350 habet
559 4307 661 4351 veteres
675 4301 800 4354 heroidas
815 4301 892 4364 inter,
1060 4322 1107 4372 per
1120 4313 1225 4358 noctem
1241 4321 1247 4353 :
1262 4310 1290 4354 at
1304 4302 1387 4352 multa
1401 4317 1461 4352 cum
1475 4302 1534 4352 luce
1548 4301 1668 4352 salutifer
1679 4301 1719 4352 illi

233 4385 326 4436 insulae
340 4384 387 4436 ubi
398 4385 494 4436 florent
508 4385 623 4435 Saturno
637 4401 700 4451 rege
712 4386 806 4438 beatae.
1059 4391 1173 4442 circulus
1188 4389 1306 4439 haerebat
1321 4385 1440 4452 pedibus,
1453 4387 1525 4436 -lunse
1540 4385 1650 4436 aemulus
1665 4386 1724 4436 orbi
1740 4405 1746 4435 :

235 4474 298 4524 Haec
310 4472 349 4522 nli
363 4488 467 4523 morum
480 4479 558 4538 atque
573 4473 624 4538 piae
639 4473 702 4524 data
715 4475 825 4539 praemia
838 4475 943 4535 mentis,
1060 4491 1138 4541 quem
1149 4473 1203 4524 talo
1219 4472 1342 4522 adsutum
1353 4485 1415 4520 mox
1430 4469 1518 4520 nexuit
1529 4469 1679 4520 AEneadum
1694 4485 1768 4536 gens,

235 4556 354 4623 conjugis
370 4564 396 4607 et
409 4559 508 4607 luctum
524 4556 562 4607 sic
573 4556 696 4623 Juppiter
709 4557 766 4623 ipse
778 4559 875 4609 levavit
929 4557 931 4562 ’
1059 4557 1192 4609 nobilibus
1206 4558 1307 4608 clarum
1321 4555 1446 4606 Ausoniis
1463 4553 1566 4620 insigne
1579 4554 1703 4604 futurum.

235 4641 369 4692 moerentis
382 4643 487 4693 viduum
500 4649 616 4693 extrema
625 4642 683 4708 jam
695 4649 773 4693 catate
789 4643 889 4704 cubile3
1060 4643 1231 4710 Cecropidem
1246 4641 1374 4709 quemvis,
1391 4639 1523 4704 Graiaque
1535 4639 1569 4689 ab
1584 4646 1661 4702 gente
1674 4639 1834 4702 profectum,
1902 4629 1903 4712 ¹

236 4736 262 4778 et
274 4727 333 4788 sihi,
348 4727 417 4791 quod
432 4727 532 4788 dulces,
548 4728 703 4794 praestantia
718 4727 838 4793 pignora,
855 4738 932 4778 natos
1060 4729 1129 4778 hunc
1141 4730 1224 4780 talare
1237 4728 1317 4778 decus
1331 4728 1477 4777 Tuscorum
1494 4729 1603 4774 exornat
1614 4737 1721 4773 avorum
1902 4719 1903 4722 ’

237 4811 347 4861 lanificae
365 4811 487 4876 Harpyiae
503 4811 587 4878 nigras
603 4828 714 4878 rapuere
729 4827 844 4871 sorores,
1059 4812 1193 4862 Mercurio
1207 4817 1286 4876 atque
1299 4811 1382 4860 Herse
1399 4808 1530 4874 genitum,
1544 4807 1567 4857 si
1580 4805 1696 4856 creditur
1707 4805 1771 4855 olim

236 4898 372 4949 nimidium
387 4916 496 4950 numero
512 4898 628 4950 exomni
644 4915 649 4948 :
666 4897 744 4948 modo
758 4897 822 4947 bins
836 4897 937 4952 relicta.
1060 4897 1142 4960 Ceryx
1155 4895 1269 4946 Herodis
1284 4893 1405 4944 Thesidae
1418 4891 1555 4958 sanguinis
1568 4898 1667 4942 auctor.

237 4999 326 5050 parva,
342 4985 436 5051 ignara
448 4985 587 5043 malorum,
597 4991 623 5034 et
633 4985 718 5034 adhuc
728 4983 793 5032 heu!
804 4983 894 5032 nescia
902 4983 1005 5047 qualem
1060 4981 1107 5030 Ille
1120 4987 1146 5030 et
1157 4981 1300 5030 honoratos
1315 4976 1437 5028 inscribit
1450 4977 1557 5028 nomine
1569 4977 1661 5037 fastos,

237 5068 375 5120 abstulerit
386 5075 498 5119 matrem
511 5067 562 5118 sibi
577 5066 745 5118 inexorabilis
757 5067 850 5125 Orcus,
1060 5066 1088 5116 in
1102 5065 1207 5116 domino
1222 5065 1297 5116 sedes
1310 5063 1410 5130 primas
1424 5069 1496 5114 tenet
1507 5062 1552 5114 ille
1568 5063 1673 5121 sehatu;
1902 5121 1903 5144 γ

237 5161 298 5206 ante
313 5155 386 5205 colus
400 5169 465 5204 serre
480 5153 610 5218 explesset
624 5167 702 5216 quam
717 5151 762 5201 fila
775 5157 897 5201 senectae.
1061 5168 1272 5218 necquemquam
1280 5151 1556 5217 Hellashabetgenere
1567 5148 1702 5214 eloquiove
1716 5149 1835 5213 priorem
1902 5173 1903 5192 τ

237 5239 306 5290 Huic
321 5239 394 5290 flenti
410 5239 467 5289 sinc
481 5239 532 5288 fine
545 5237 615 5287 dedit
624 5235 724 5286 solatia
736 5237 822 5284 luctus
1063 5236 1167 5288 Herode
1182 5235 1262 5286 :hinc
1277 5235 1352 5285 illum
1364 5235 1482 5298 linguam
1493 5231 1616 5283 vocitarit
1629 5231 1808 5284 Athenarum.
1902 5239 1903 5286 l
