3882 6080
218 565 248 616 55

263 434 319 490 tto

703 429 962 489 ANTHOLOGIAE
982 429 1133 492 GRAECAE
1152 433 1380 494 APPENDlClS

380 563 445 640 πρὸς
461 561 533 618 άλλα
545 565 664 640 κρείττω,
683 559 777 636 μείζω.

381 652 460 726 Πηγὴ
475 650 547 705 τελεῖ
558 652 610 726 γὰρ
622 647 725 722 λήθην,

380 737 453 807 άλλη
472 737 557 813 μέθην
568 739 641 792 ποιεῖ
654 733 694 800 δά,

380 824 452 894 ἄλλη
469 823 492 880 δ’
508 823 599 878 ἔλαιον
616 819 721 898 βλύζει,

380 911 452 982 ἄλλη
467 911 543 988 γάλα
556 915 701 988 προτείνει·

380 1003 426 1054 καί
438 1019 491 1054 που
503 995 632 1076 τροχάζιι
644 1002 721 1073 νᾶμα

379 1092 487 1157 πτηνῶν
502 1089 567 1151 ἄκος
580 1092 742 1142 νοσούντων·

379 1178 426 1230 καί
438 1195 492 1230 που
505 1173 635 1230 ποθοῦσιν
650 1171 723 1230 οίνον

383 1265 512 1340 μίσητρόν
528 1265 596 1318 ἐστιν
612 1260 696 1340 ὕδωρ.

380 1353 434 1406 Καί
445 1369 499 1406 που
515 1354 596 1426 μέσον
610 1348 749 1420 θαλάσσης

380 1435 462 1504 πίδαξ
477 1435 704 1516 ἀναρροιθδεῑται,

381 1529 428 1582 καὶ
441 1531 591 1602 χασμάτων
607 1529 743 1581 ἑκπνεῖται

380 1615 557 1694 προλεκτικόν
571 1635 624 1670 που
639 1617 757 1687 πνεῦμα.

382 1689 525 1779 liparen
540 1701 613 1772 ειιη
629 1705 666 1778 γῆ
683 1698 711 1754 ιε

381 1811 437 1855 πως
451 1787 553 1866 ἐξάγει·
569 1793 596 1844 τί
608 1793 705 1854 τοῦτο;

381 1858 405 1933 tl
421 1878 567 1953 θαυμάτων
582 1878 612 1932 τό
627 1873 736 1950 θαῦμαί

381 1968 458 2042 πηγὴ
474 1966 552 2042 ψόγῳ
567 1963 707 2026 θολοῡται,

383 2057 530 2128 αἰνουμίνη
548 2050 577 2107 δί
590 2051 696 2126 λάμπει

382 2127 469 2196 ,λλλοι
479 2140 605 2216 λέγουσιν
618 2137 708 2207 ἄλλην

383 2232 515 2305 κρυπτοὺς
530 2225 628 2289 δόλους
641 2225 772 2302 ἐλίγχειν·

385 2315 473 2386 άλλην
488 2315 653 2392 καθαρτικὴν
668 2311 697 2367 δὲ

382 2407 481 2480 χυμῶν
496 2408 584 2478 μόνων
599 2399 772 2478 θρυλλοῦσιν·

385 2491 474 2562 ἄλλην
490 2489 576 2566 δίμας
589 2493 728 2566 κρατύνειν

383 2581 485 2664 χαῦνον
499 2573 687 2652 διϊστοροῦσιν.

393 2653 398 2664 Ι

382 2663 459 2742 Υὸωρ
473 2665 568 2741 πικρὸν
582 2660 654 2717 τελεῖ
669 2659 698 2715 dl

366 2797 370 2804 .
384 2757 439 2829 φῶς
451 2751 535 2823 ἡλίου
548 2747 695 2813 καυσῶδες,

388 2843 402 2895 d
416 2837 465 2906 νύξ
479 2839 635 2916 γλυκαίνειν
650 2833 722 2892 older

385 2931 421 2993 εἰς
432 2925 596 2998 ήδύληπτον
611 2921 694 2990 ίλξιν.

385 3001 474 3080 litto<
487 3013 517 3070 tt
531 3017 624 3090 πηγῆς
639 3015 694 3068 ἐστί

384 3109 461 3180 φύσιν
476 3105 549 3158 κάτω
562 3103 613 3171 τήν
626 3104 744 3177 κούρην,

385 3191 470 3261 ὁλκὴν
486 3188 579 3260 δὲτὴν
598 3187 709 3266 βαρεῖαν

386 3281 439 3332 ἅνω
455 3281 542 3355 φόρων
558 3277 593 3340 ὡς
606 3277 704 3352 ἄχνην.

383 3351 472 3429 lito<
487 3363 516 3418 di
531 3365 594 3440 ρούς
608 3366 701 3439 μικρός
715 3379 758 3420 σοι

383 3455 411 3517 ὃς
425 3455 558 3528 σωμάτων
571 3452 619 3514 τὰς
634 3449 740 3512 θλάσεις

384 3543 468 3596 ὀστῶν
483 3559 511 3594 τε
524 3540 573 3602 τάς
585 3532 709 3600 κατάξεις

384 3632 500 3704 σφίγγει,
516 3629 616 3706 τρίρει,
632 3626 742 3680 πιαίνει.

385 3715 478 3802 θέλεις
491 3715 626 3792 προσοίσω
642 3710 744 3782 πλείω;

386 3807 475 3872 Εστιν,
489 3801 613 3876 λέγουσι,
626 3802 714 3874 νᾶμα,

385 3892 450 3968 ὅπερ
468 3886 561 3964 βαλὼν
578 3889 614 3950 εἰς
629 3887 722 3962 ἄγγος,

385 3982 408 4034 εἰ
421 3975 494 4042 νυξὶν
510 3973 669 4054 αἰθριάζοις,

384 4063 644 4150 γρυσταλλόττηκτον
660 4059 756 4137 εὕροις.

385 4155 474 4224 Eoris,
490 4151 628 4227 λίγουσιν,
646 4147 717 4204 ἄλλο

386 4239 414 4305 ἐξ
428 4236 459 4295 οὗ
474 4242 543 4294 πιεῖν
558 4237 711 4315 προκύψας,

386 4325 466 4382 δῦνον
484 4323 601 4400 βλέπεις,
616 4343 644 4378 σε
657 4325 767 4399 φεῦγον,

383 4417 436 4490 γῆς
454 4413 556 4490 μητρός
570 4414 605 4475 ὧς
620 4413 646 4466 ἰν
660 4408 783 4472 κόλποις.

384 4490 460 4559 doru
475 4499 504 4555 di
520 4501 582 4578 ρούς
597 4497 629 4576 (o
645 4495 768 4574 θαῦμαί)

386 4591 425 4655 ἃς,
442 4591 465 4644 εί
479 4582 616 4652 δεδίξεταί
628 4605 665 4650 τι,

384 4675 462 4734 λίθον
476 4673 550 4732 τελεῖ
562 4695 593 4731 το
608 4677 724 4752 πρᾶγμα

389 4767 416 4820 ἐν
430 4766 549 4843 ἡμέραις
561 4765 592 4818 ού
607 4761 754 4824 πλείσταις.

383 4837 478 4922 λλλην
489 4851 601 4928 λέγουσι
614 4852 719 4928 κρήνην

391 4939 480 5018 βραχὺ
498 4938 632 5016 βρύουσαν
648 4934 731 5012 ὕδωρ,

382 5029 452 5096 ἥτις,
469 5029 602 5102 παρόντος
615 5021 714 5100 ὄχλου,

382 5113 469 5202 τρλείω
484 5111 578 5168 δίδωσι
593 5109 693 5190 ῥεῖθρα.

385 5199 477 5271 Αλλην
493 5199 522 5256 tt
536 5221 589 5257 που
599 5201 770 5279 πιστοῦνται,

1169 589 1226 643 pra
1240 569 1300 627 aliis
1315 577 1476 644 potioribus,
1492 572 1651 646 majoribus.

1169 659 1242 714 Fons
1252 657 1324 714 enirn
1334 658 1419 716 efficit
1431 659 1602 730 oblivionem,

1173 744 1242 801 alius
1254 745 1413 804 ebrietatem
1425 746 1510 820 parit,

1174 832 1297 906 aliusque
1310 833 1370 891 oleo
1384 841 1481 905 scatet,

1175 919 1243 976 alius
1256 919 1298 976 lac
1310 921 1465 994 profundit3

1176 1013 1204 1062 et
1218 1007 1317 1064 alicubi
1330 1009 1449 1066 decurrit
1463 1009 1536 1066 latex

1177 1093 1288 1150 alitibus
1301 1095 1450 1151 remedium
1466 1095 1662 1168 egrotantibus
1678 1113 1686 1150 ε

1177 1187 1205 1238 et
1218 1179 1316 1238 alicubi
1330 1181 1483 1238 amantibus
1495 1181 1550 1237 vini

1177 1269 1208 1323 in
1221 1271 1317 1324 vinum
1332 1268 1484 1325 odii-causa
1496 1285 1567 1342 aqua
1581 1275 1632 1324 est.

1179 1355 1214 1411 Et
1227 1354 1326 1412 alicubi
1339 1355 1427 1412 medio
1441 1355 1508 1411 mari

1179 1443 1304 1499 scatebra
1318 1442 1665 1516 eructatur-cum-iragore‚

1180 1537 1207 1584 ct
1219 1529 1396 1603 voraginibus
1411 1531 1520 1586 eillatur

1180 1617 1356 1690 propheticus
1371 1617 1462 1674 ssatus.

1180 1703 1305 1759 Bitumen
1319 1705 1373 1759 alia
1387 1703 1496 1777 quidem
1510 1712 1585 1760 terra

1180 1791 1298 1862 quodam
1311 1793 1390 1848 modo
1403 1791 1515 1849 educit:
1528 1793 1594 1866 quid
1608 1793 1679 1848 hoc?

1180 1879 1202 1934 Ο
1217 1879 1404 1937 miraculorum
1418 1880 1589 1936 miraculum!

1179 1969 1239 2024 sons
1253 1967 1452 2043 vituperatione
1465 1968 1600 2038 turbatur,

1180 2055 1306 2112 laudatus
1321 2063 1410 2112 autern
1422 2055 1556 2128 splendet.

1179 2143 1232 2198 Alii
1246 2142 1340 2199 dicunt
1350 2143 1431 2199 alium

1181 2230 1301 2286 occultos
1314 2229 1392 2286 dolos
1405 2247 1520 2302 arguere
1536 2247 1544 2286 ι

1181 2318 1261 2373 alium
1276 2316 1312 2374 ad
1323 2317 1582 2390 purgandos-valere

1181 2404 1348 2461 solummodo
1364 2405 1490 2460 humores
1504 2405 1706 2478 vulgo-narrant
1724 2423 1732 2458 :

1182 2492 1264 2548 alium
1277 2509 1377 2566 corpus
1390 2491 1502 2548 firmare

1181 2579 1319 2635 defessum
1333 2578 1488 2652 perhibent.

1136 2679 1138 2682 ·
1180 2667 1286 2738 Aquam
1297 2681 1416 2722 amaram
1430 2663 1513 2720 elficit
1526 2663 1641 2737 quidem,

1181 2753 1246 2810 solis
1260 2753 1350 2809 lumen
1363 2753 1472 2820 ardens,

1182 2859 1237 2898 nox
1251 2857 1333 2914 quam
1345 2840 1451 2896 dulcem
1465 2839 1580 2896 reddere
1595 2839 1655 2905 ecit,

1182 2946 1268 3002 usque
1284 2927 1320 2984 ad
1332 2933 1535 2999 suavem-captu
1551 2927 1688 2982 haustum.

1182 3018 1275 3074 Fontis
1289 3022 1380 3074 autem
1393 3015 1508 3072 felicitas
1525 3021 1567 3071 est

1182 3105 1322 3162 materiam
1335 3103 1462 3160 deorsum
1476 3102 1561 3158 levem

1184 3191 1344 3264 pondusque
1357 3207 1441 3263 ςτενο

1183 3293 1290 3332 sursum
1303 3276 1374 3332 terre
1389 3283 1419 3332 ut
1431 3275 1559 3347 glumam.

1183 3363 1264 3420 Aliud
1277 3370 1366 3420 autem
1380 3363 1510 3418 fluentum
1524 3377 1636 3434 parvum
1650 3359 1712 3426 tibi,

1182 3450 1255 3524 quod
1269 3466 1411 3523 corporum
1426 3448 1598 3504 contusiones

1182 3537 1338 3610 ossiumque
1352 3536 1485 3592 fracturas

1183 3623 1360 3695 conglutinat,
1375 3639 1469 3692 oopus
1482 3619 1568 3678 nutrit
1582 3627 1610 3676 et
1624 3619 1810 3694 pinguefacit.

1186 3711 1269 3766 Visne
1285 3709 1394 3765 aiteram
1410 3707 1511 3780 plura?
1570 3740 1573 3746 -

1185 3799 1241 3864 Est,
1256 3795 1358 3862 dicunt,
1374 3794 1448 3850 latex

1182 3901 1262 3956 quem
1276 3882 1394 3938 inlusum
1406 3881 1435 3936 iu
1448 3897 1542 3936 urnam

1183 3971 1205 4026 si
1221 3975 1301 4026 noctu
1316 3967 1565 4034 subdio-colloces,

1184 4057 1438 4130 glacie-concretum
1454 4055 1586 4112 invenias.

1185 4145 1243 4214 Est,
1259 4143 1344 4213 aiunt,
1357 4142 1425 4197 alius

1185 4249 1219 4287 cx
1233 4247 1286 4303 quo
1301 4228 1325 4286 si
1336 4229 1371 4285 ad
1384 4227 1530 4284 bibendum
1545 4227 1771 4296 to·inolinevcris‚

1184 4335 1244 4374 eum
1258 4316 1373 4384 videbis,
1389 4324 1419 4372 ut
1432 4317 1477 4389 qui
1489 4323 1517 4372 te
1529 4315 1626 4388 fugiat,
1637 4315 1844 4390 ingredientem

1184 4405 1261 4479 quasi
1274 4403 1394 4462 interra
1407 4403 1500 4460 matris
1514 4403 1611 4461 sinum.

1186 4495 1233 4550 Est
1245 4499 1336 4548 autern
1347 4493 1476 4547 lluentum
1491 4497 1517 4558 (o
1530 4491 1712 4562 miraculumll

1183 4581 1267 4654 quod,
1282 4579 1306 4635 si
1320 4578 1385 4652 quid
1397 4578 1538 4651 receperit,

1185 4666 1301 4740 lapidem
1315 4665 1399 4722 elficit
1413 4666 1465 4722 hoc
1478 4665 1570 4739 ipsum

1184 4754 1281 4810 diebus
1294 4769 1348 4810 uon
1360 4752 1491 4826 plurimis.

1184 4841 1272 4898 lilium
1284 4839 1377 4896 dicunt
1391 4841 1490 4897 iontem

1184 4945 1279 5003 parum
1293 4925 1459 4984 emittentem
1473 4943 1558 5000 aqum,

1185 5015 1241 5089 qui,
1255 5013 1381 5071 adstams
1394 5013 1485 5082 turba,

1184 5102 1263 5178 plura
1277 5102 1324 5158 dat
1337 5102 1448 5158 fluenta.

1183 5189 1271 5246 Alium
1285 5187 1383 5246 alicubi
1395 5189 1528 5244 affirmant
1541 5204 1596 5244 csse
