3858 6018
263 473 321 530 226
716 468 975 528 ANTHOLOGIAE
996 470 1147 530 GRAEGAE
1167 471 1394 532 APPENDIGIS

263 601 353 660 Rosa,
366 601 499 658 κατέθηκεν
511 599 655 650 Kirebhoff.
673 597 772 648 Prioris
786 601 914 658 Δημοίνθης
926 599 1027 664 conjeo·
1078 602 1179 652 Fratres
1191 617 1224 652 οιι
1237 603 1278 652 tlte
1288 602 1432 666 sculptures
1444 603 1471 651 ιἰι
1484 604 1525 652 ibe
1535 601 1669 652 collection
1680 601 1711 663 οΙ
1724 600 1769 650 tlte
1785 599 1867 648 Eur!

264 673 324 715 tura
338 673 387 724 est,
405 667 473 716 taen
486 665 582 716 Αιιιιαί.
600 665 673 724 1833,
688 665 721 722 ll,
735 666 792 725 137,
809 665 853 715 ubi
868 665 935 730 lapis
950 671 970 716 Δ
985 681 1025 715 so·
1079 667 1112 729 os
1121 667 1209 732 Elpia,
1222 669 1254 730 by
1269 669 1312 717 the
1324 669 1397 718 cher.
1411 669 1442 717 Ε.
1456 669 1487 726 Q.
1497 667 1625 717 visconti.
1641 665 1706 716 Vide
1720 665 1759 715 ibi
1773 681 1802 713 n.
1821 662 1861 714 61

265 732 319 781 lum
333 733 421 782 habet.
435 761 465 769 -
480 733 529 781 Vs.
542 733 566 781 2.
580 729 648 791 lapis
663 745 669 778 :
683 732 788 794 καθίχει.
1080 737 1106 781 et
1115 749 1140 796 p.
1154 735 1200 783 179
1213 747 1270 798 sqq.
1286 735 1323 783 Ex
1335 733 1530 784 Tbierschianis
1544 741 1571 784 et
1582 730 1762 781 Viscontianis
1776 745 1859 793 repe-

297 863 367 912 XVI.
390 863 563 914 Pataeocborio
591 862 738 926 Meque-ictis,
764 861 809 926 qui
830 861 903 912 locus
925 862 1028 912 videtur

265 929 334 979 alar
345 943 412 977 esse.
431 929 469 978 Ex
488 927 592 978 schedis
604 927 758 977 Fourmonti
776 927 884 977 Boeelxh.
904 927 982 993 Corp.
999 943 1025 977 n.

268 997 340 1044 1051.
361 1015 373 1040 α
391 995 426 1043 Τὸ
443 995 585 1057 ἐπίγραμμα
601 995 649 1042 τῶν
662 994 686 1041 ἐν
701 995 815 1059 Περσικῷ
827 995 927 1059 πολέμῳ
941 995 1029 1044 ἀποθα-

265 1061 357 1110 νόντων
371 1061 412 1109 καί
428 1061 547 1122 κειμένων
562 1057 667 1108 ἐνταῦθα
680 1060 780 1123 ἡρώων·
793 1059 941 1122 ἀπολόμενον
954 1061 980 1108 δὲ
993 1061 1028 1122 τῷ

265 1127 347 1192 χρόνῳ
370 1126 519 1181 Ἐλλάδιοςθ
536 1125 663 1191 ἀρχιερεύς
680 1125 823 1188 ἐπ[ιμιλήοη
840 1127 961 1190 γραφῆναι
978 1125 1027 1190 (8)),

266 1200 316 1242 ete.
336 1190 532 1255 (εώεοιιεύασιή
551 1191 581 1242 G.
601 1189 690 1254 Καίθ.)
709 1191 773 1241 Cum
787 1197 870 1255 poetes
888 1189 1029 1241 Simonidis

266 1257 372 1307 nomine
383 1258 439 1306 haec
449 1256 572 1319 leguntur
582 1256 609 1305 in
621 1255 750 1319 superiori
759 1262 832 1322 parte
846 1255 941 1320 lapidis
953 1271 1030 1320 quem

267 1323 407 1374 Boeelxhius
420 1321 562 1372 arbitratur
575 1323 599 1371 V
610 1321 652 1371 vel
667 1323 703 1371 Vl
720 1327 780 1386 post
791 1321 921 1372 Christum
934 1325 1030 1372 saeculo

266 1389 392 1453 scriptum
406 1387 496 1438 luisse.
511 1406 524 1432 ν
534 1389 602 1452 Εμφ.
614 1415 644 1424 -
657 1387 745 1438 Schol.
760 1387 871 1437 Theocr.
881 1388 939 1448 ΧΗ,
954 1389 982 1436 27
997 1389 1030 1438 ad

266 1471 290 1504 ν.
311 1456 441 1505 Νισαῖοι...
456 1455 505 1503 Καί
525 1454 658 1516 Σιμωνίδης
675 1455 765 1502 ἐπαινεῖ
778 1454 836 1509 τοὺς
852 1455 983 1516 Μεγαρεῖς.
999 1481 1028 1490 -

267 1521 306 1570 Cl.
324 1519 450 1570 Simonid.
469 1519 564 1584 fragm.
588 1520 628 1572 81.
646 1535 671 1583 p.
685 1519 743 1578 772,
759 1519 800 1568 ed.
814 1517 899 1581 Lyric.
912 1518 1028 1584 Berglxii.

266 1615 296 1624 -
313 1587 358 1635 Vs.
373 1587 397 1636 3.
411 1586 489 1635 Hom.
504 1585 536 1634 1t.
549 1585 579 1634 B.
597 1585 654 1644 869,
665 1585 696 1634 H.
712 1585 749 1635 act
761 1585 810 1646 Ap.
825 1586 866 1643 31,
878 1587 935 1635 213.
950 1583 1028 1634 Pind.

268 1652 308 1702 01.
321 1651 390 1710 XIII,
405 1653 463 1711 160,
474 1651 550 1714 ΡμίΙι.
563 1651 584 1708 Ι,
599 1651 645 1700 tlt
660 1665 718 1714 sqq.
733 1677 763 1686 -
778 1651 824 1700 Vs.
836 1651 860 1700 3.
877 1650 933 1698 τόδε
941 1651 1032 1714 κτέρας

269 1717 365 1782 Bergk.
383 1715 546 1780 Subscripsit
562 1714 698 1766 Helladius
716 1715 913 1780 epigrammatis
927 1717 1031 1766 restitu-

269 1791 311 1832 tor
329 1798 386 1848 quae
405 1781 516 1832 correxit
536 1781 683 1832 Blomtleld.
705 1797 711 1830 :
726 1781 829 1848 Μ]ε’χρις
842 1781 879 1844 ἐφ’
891 1784 962 1845 ἡμῶν
974 1781 1000 1830 δὲ
1013 1785 1028 1840 ἡ

267 1846 691 1913 νόμαιον]νοούμενον.

299 1981 379 2031 XVII.
397 1980 534 2029 Servatum
548 1985 588 2028 est
605 1978 655 2027 hoo
667 1978 830 2054 epigramma
842 1979 874 2028 ab
889 1977 1031 2028 scholiasta

267 2045 388 2109 AEschyli
398 2045 458 2094 vitm
468 2051 583 2106 auctore,
594 2043 639 2108 qui
648 2045 736 2094 Gelors
746 2043 773 2094 id
783 2043 896 2094 tribuere
909 2043 1010 2094 videtur
1021 2060 1027 2092 :

276 2111 439 2163 ’λποθανόντα
453 2113 544 2161 Γελῶοι
561 2111 697 2166 πολυτελῶς
713 2111 738 2158 iv
758 2113 809 2166 τοῖς
831 2111 956 2172 δημοσίοις
971 2112 1029 2172 μνή-

268 2196 327 2242 μασι
348 2177 477 2239 θάψαντες,
497 2178 613 2239 ἐτίμησαν
636 2178 833 2240 μεγαλοπρεπῶς,
854 2177 1030 2240 ἐπιγράψαντες

267 2243 356 2298 οὕτως.
368 2243 410 2293 Ab
422 2243 549 2292 Athenaeo
561 2257 622 2290 vero
635 2243 714 2304 (XIV,
728 2258 753 2306 p.
766 2243 824 2302 627,
838 2241 871 2300 D)
884 2241 927 2306 qui
943 2249 1028 2305 poste-

267 2309 322 2358 rius
334 2319 435 2357 tantum
446 2307 576 2357 distichon
588 2307 701 2367 exhibet,
716 2307 766 2372 ipsi
780 2308 905 2370 AEsehylo
917 2307 1028 2370 imputa-

268 2385 331 2423 tur:
353 2376 483 2438 Αἰσχύλος,
500 2373 646 2431 τηλικαύτην
664 2374 734 2428 δόξαν
750 2374 811 2437 ἐχων
828 2375 867 2423 διὰ
880 2376 923 2430 τὴν
935 2390 1030 2432 ποιητι-

267 2443 322 2499 κὴν,
339 2441 408 2490 οὐδὲν
422 2433 496 2498 ἦττον
509 2439 547 2488 ἐπὶ
562 2437 607 2487 τού
621 2439 699 2501 τύφου
713 2439 872 2513 ἐπιγραφῆναι
882 2439 971 2497 ἠξίωσα
985 2441 1029 2497 τὴν

268 2507 387 2570 ἀνδρείαν,
402 2506 515 2564 ποιήσαι·
528 2505 602 2562 δλκήν
618 2522 643 2552 κ.
658 2521 681 2552 τ.
695 2508 717 2554 λ.
733 2505 780 2554 Cur
796 2502 944 2554 consentire
959 2503 1029 2553 vide-

268 2581 320 2632 tur,
335 2579 364 2622 ut
380 2569 484 2635 quidem
502 2569 587 2632 Baylii
600 2569 652 2618 tert
667 2569 797 2619 sententia
811 2571 890 2632 (Dici.
906 2569 965 2618 Art.
981 2569 1029 2618 Es-

268 2639 352 2702 chyle,
366 2642 422 2685 not.
433 2637 465 2700 1),
475 2634 621 2685 Pausanias
635 2633 691 2699 (lib.
704 2636 792 2696 1,11v,
806 2635 830 2698 1)
844 2649 851 2684 ι
902 2635 1030 2700 Αἰσχύλος,

269 2706 302 2760 ὥς
317 2705 339 2752 ol
359 2707 403 2752 τοῦ
422 2704 476 2766 βίου
488 2700 686 2766 προσιδοκᾶτοή
703 2703 812 2761 τελευτὴ,
828 2701 877 2751 τῶν
893 2701 936 2764 μὲν
954 2701 1030 2751 ἄλλων

268 2769 448 2834 ἐμνημόνευσεν
463 2769 562 2822 ούδίνος
573 2767 643 2825 δόξης
654 2767 678 2822 ἐς
688 2765 809 2817 τοσοῦτον
821 2768 889 2826 ἥκων
904 2766 943 2815 ἐπί
958 2768 1030 2824 ποίη-

268 2833 606 2964 attitularetur
615 2833 659 2946 {ii
671 2833 1031 2962 {titltt‘tlttttttttl

268 2971 312 3027 τῆς
330 2967 439 3032 ἀνδρείας
456 2963 581 3029 μάρτυρας
599 2964 651 3028 ίχοι
669 2965 698 3013 εδ
717 2965 878 3028 Μαραθώνιον
900 2963 973 3018 αἰλσος
991 2965 1032 3014 καὶ

269 3034 362 3090 Μήδων
373 3032 431 3088 τοὺς
440 3031 532 3086 ἑςαύτδ
542 3031 689 3085 θποδάντας.
699 3029 738 3078 cl.
750 3031 820 3080 Plut.
832 3035 851 3079 t.
861 3030 894 3087 11,
905 3045 930 3093 p.
943 3031 990 3078 601
1000 3031 1031 3088 lt,

269 3098 332 3148 edit.
345 3098 425 3147 Didot
438 3097 483 3155 111,
496 3111 521 3160 p.
535 3097 593 3156 730,
607 3095 667 3159 Περὶ
677 3097 753 3158 φυγῆς
765 3095 834 3156 XIII,
846 3095 891 3144 ubi
901 3093 973 3158 prius
983 3095 1033 3145 dis-

269 3164 358 3214 tichon
373 3161 489 3212 laudavit
502 3160 566 3211 etin
581 3161 696 3222 Cimone,
711 3161 779 3210 Vlll.
796 3189 826 3198 —
840 3163 887 3210 Vs.
910 3163 933 3208 2.
950 3163 1031 3226 Πορο-

269 3231 365 3296 φύροεο,
379 3251 391 3275 ο
405 3230 432 3278 la
446 3228 630 3278 fromenteuse.
647 3227 774 3289 »Amyot

302 3361 396 3408 xt'lll.
411 3359 488 3422 Apud
506 3358 640 3407 Plutarch.
662 3357 688 3406 in
706 3357 829 3416 Aristide,
844 3359 901 3406 XX.
917 3357 1032 3422 Delphos

270 3427 337 3476 ierat
355 3423 510 3474 Plataeensis
533 3422 664 3472 Euchidas
685 3431 722 3484 ut,
742 3439 770 3471 ex
789 3424 895 3472 oraculo
914 3423 1032 3486 Pythice,

270 3492 330 3540 inde
340 3489 428 3556 ignem
438 3505 531 3554 purum
546 3487 683 3552 Spartanis
696 3496 724 3538 et
736 3487 940 3538 Atheniensibus
953 3489 1033 3538 reser-

276 3563 316 3607 ret
329 3557 363 3606 ad
376 3571 453 3606 sacra
465 3554 524 3604 iovi
539 3554 685 3605 Liberatori
699 3553 828 3615 facienda,
841 3563 901 3619 post
914 3555 1034 3618 expulsos

278 3621 380 3672 Graecia
399 3621 541 3671 Barbaros.
567 3621 673 3683 Ἅγνίσας
692 3621 718 3669 di
734 3621 763 3668 τὸ
781 3622 854 3684 σῶμα
871 3621 905 3684 (ἐν
925 3622 1035 3684 Δελφοῖς)

276 3689 317 3737 καί
335 3687 550 3764 περιρρανάμενος,
575 3687 763 3748 ἐστεφανώσατο
785 3687 870 3749 δάφνη·
893 3687 934 3734 καέ
954 3689 1033 3736 λαθών

271 3753 319 3803 ἀπὸ
339 3769 384 3802 του
402 3755 488 3818 βωμοῦ
507 3753 535 3800 τό
548 3750 606 3818 πῦρ,
625 3753 710 3816 δρόμῳ
726 3753 796 3801 πόλιν
811 3743 900 3807 εἰςτὰς
913 3753 1035 3807 Πλαταιὰς

270 3821 369 3885 ἐχώρει,
381 3819 423 3868 καθ
433 3819 481 3884 πρὸ
495 3819 565 3876 ἡλίου
580 3819 679 3882 δυσμῶν
692 3819 818 3876 ἐπανῆλθε,
833 3819 876 3877 τῆς
888 3818 964 3876 αὐτῆς
976 3819 1035 3880 ἠμί-

270 3903 313 3951 ρας
339 3886 431 3949 χιλίους
453 3885 567 3939 σταδίους
589 3883 689 3939 ἀνύσας.
718 3885 898 3946 Ἀσπασιίμενος
926 3884 951 3932 δέ
977 3884 1034 3938 τοὺς

269 3952 378 4009 πολίτας,
401 3951 442 4000 καὶ
461 3950 489 3998 εδ
508 3948 556 4009 πῦρ
577 3951 709 4016 παραδοὺς,
728 3949 798 4005 εὐθὺς
819 3949 898 4006 ἔπεσε,
915 3949 955 3998 καί
973 3951 1034 4012 μετὰ

272 4017 357 4082 μικρὸν
374 4017 523 4071 ἐξέπνευσεν.
543 4016 666 4082 ’λρσίμενοι
678 4015 698 4064 δ’
707 4015 782 4066 αύτδν
794 4017 817 4065 ot
831 4017 968 4076 Πλαταιεῖς,
979 4016 1033 4064 ibn·

270 4083 318 4144 ψαν
337 4084 362 4131 iu
378 4083 413 4145 τῷ
429 4084 487 4146 ίεριρ
505 4099 549 4140 της
561 4084 675 4137 Ευκλιιας
699 4084 841 4147 λρτεμιδος,
858 4081 1034 4146 ἐπιγράψαντες

269 4149 325 4205 τόδε
339 4148 367 4196 τό
381 4149 555 4212 τετράμετρον·
571 4148 673 4212 Εὐχίδας
685 4164 710 4195 ιι.
725 4163 748 4198 τ.
762 4150 784 4197 λ.
800 4173 833 4185 -
847 4147 911 4196 Erat
924 4153 951 4196 et
966 4147 1033 4196 The-

269 4215 311 4264 bis
322 4211 414 4263 Dianea
424 4212 551 4262 Gloriosae
561 4213 697 4262 delubrum
707 4228 766 4262 cum
777 4212 853 4276 signo
866 4213 934 4277 quod
942 4211 1033 4276 Scopae

269 4286 328 4329 erat
342 4294 417 4343 opus,
432 4279 464 4328 de
478 4276 598 4342 quotide
613 4279 727 4328 Pausan.
740 4279 785 4341 lx,
798 4293 863 4338 xvir,
879 4282 901 4327 t.

303 4421 370 4470 x1x.
384 4417 499 4469 Athenis.
516 4439 529 4464 ν
542 4419 572 4468 ln
582 4433 674 4482 campo
684 4417 833 4468 Academiae
846 4418 873 4484 (ί.
885 4435 908 4468 e.
920 4419 947 4468 in
960 4420 1036 4468 Cera·

269 4487 358 4548 mico),
368 4501 437 4535 nunc
446 4484 473 4534 in
482 4484 574 4534 Museo
582 4482 702 4534 Britanu.
714 4485 859 4533 Kirchhoff.
868 4487 929 4543 112;
940 4499 1034 4534 uorum

269 4551 451 4616 apographum
461 4550 501 4600 ed.
517 4548 608 4599 Hiclts.
624 4550 703 4598 laser.
712 4565 753 4614 pr.
766 4551 832 4600 Atrea.
846 4551 911 4599 Brit.
921 4551 941 4610 l,
954 4553 1032 4598 111.»

270 4645 299 4654 -
318 4619 377 4666 Vss.
399 4617 448 4665 1-1.
469 4616 500 4666 G.
518 4613 680 4679 Kaibeliiln.
699 4617 740 4680 21)
755 4615 949 4680 supplementa;
963 4617 1033 4664 6-12.

270 4681 397 4731 ltoeelhii.
411 4709 442 4718 -
462 4703 474 4728 ν
492 4681 530 4730 De
545 4697 574 4730 re
590 4680 649 4746 ipsa
670 4681 785 4744 Thucyd.
807 4682 828 4742 l,
850 4683 889 4730 63.
915 4701 926 4724 ν
948 4682 978 4732 G.
999 4682 1033 4730 K.

270 4749 378 4798 hoeclh.
395 4749 472 4812 corp.
490 4754 510 4796 t.
525 4747 547 4808 1,
561 4761 588 4796 n.
608 4749 654 4796 170
671 4763 676 4795 :
696 4768 708 4792 ν
727 4747 843 4797 Marmor
857 4746 1032 4809 Elginienum.

269 4815 352 4863 Musei
369 4815 491 4864 britann.
503 4817 610 4878 synope.
623 4828 650 4862 n.
664 4814 720 4862 230.
740 4811 844 4862 Primus
856 4813 973 4862 ediderat
989 4814 1034 4862 Fr.

270 4878 469 4929 'lhierschiusa
479 4877 611 4929 talttolio
618 4877 745 4942 singulari
750 4877 872 4928 Monachi
877 4878 1034 4944 impresso..;

271 4953 399 5009 praetcrea
414 4945 555 4995 Viscontus
575 4959 582 4994 ε
603 4945 726 4994 Mimoire
742 4959 788 4994 sur
808 4959 859 4994 une
879 4945 1036 5008 tpipromme

270 5025 380 5076 qrecque
397 5013 442 5077 qai
455 5012 552 5061 aeruait
563 5009 708 5074 d'epitaplte
722 5025 757 5060 ου
772 5009 891 5060 tomheae
904 5011 948 5060 des
958 5025 1035 5074 puer-

269 5079 335 5126 riers
347 5081 428 5126 morte
438 5091 498 5126 εουε
508 5076 629 5140 Potidte5
640 5091 697 5140 quae
712 5076 901 5125 Commentatio
913 5075 941 5125 in
952 5078 1036 5125 classe

270 5141 332 5194 bist.
347 5149 373 5190 et
389 5141 440 5190 litt.
459 5141 544 5190 instit.
560 5156 615 5204 reg.
632 5141 727 5191 Franc.
743 5143 811 5191 lecta
830 5151 869 5190 est
883 5157 908 5190 a.
925 5143 998 5202 1816,
1011 5152 1037 5192 et

270 5207 385 5272 repetita
396 5207 423 5256 in
434 5206 502 5256 libro
513 5223 520 5256 :
531 5207 552 5256 A
563 5207 639 5256 letter
647 5210 717 5269 from
730 5207 771 5256 tlte
786 5209 854 5256 citer.
866 5209 977 5257 Antonio
991 5207 1038 5258 Ca·

1080 797 1122 848 tiit
1132 799 1236 848 Jacobs.
1252 798 1357 849 Antbot.
1371 799 1457 864 petat.
1472 807 1492 848 t.
1507 799 1552 860 lll,
1567 815 1594 862 p.
1612 800 1656 848 371
1676 805 1703 846 et
1722 797 1856 846 Addend.

1081 879 1107 928 p.
1127 879 1179 914 erv.
1203 883 1215 908 ν
1238 893 1268 902 -
1290 863 1369 914 Dedit
1386 864 1442 928 ipss
1462 881 1485 913 ν.
1513 865 1546 914 el.
1564 865 1596 913 ld.
1614 864 1711 926 Egger.
1732 863 1855 926 specim.

1082 931 1188 994 Epiqr.,·
1202 929 1332 980 recentius
1347 930 1510 980 Oumauudes
1532 933 1620 980 Ἀττικ.
1634 931 1712 994 intpp.
1729 929 1855 988 ἐπιτύμδ.

1082 1011 1108 1060 p.
1123 997 1138 1044 7
1151 1012 1191 1060 sq.
1202 1011 1228 1046 n.
1241 998 1266 1046 3.
1283 1002 1309 1044 et
1320 995 1470 1060 nuperrime
1481 997 1592 1046 Newton
1603 993 1631 1043 in
1643 995 1757 1045 Aneient
1770 993 1857 1056 preel-

1081 1062 1213 1137 Insert'ptt.
1229 1063 1257 1112 in
1271 1061 1313 1111 tlte
1326 1062 1393 1111 Brit.
1408 1063 1476 1111 Alae.
1492 1077 1518 1126 p.
1538 1062 1585 1110 loa
1602 1059 1796 1149 cupus'textum
1810 1074 1857 1136 re·

1082 1127 1859 1258 3333..“,νί.ῒ.·,θ..ῗθὲίί·333333333333

1083 1260 1128 1308 bat
1138 1275 1163 1307 ν.
1175 1259 1208 1308 cl.
1220 1259 1316 1323 Egger.
1332 1257 1460 1308 Simonid.
1475 1257 1504 1308 in
1516 1256 1622 1308 Antbot.
1633 1256 1690 1321 pel.
1700 1257 1760 1314 Vll,
1777 1255 1830 1304 253
1848 1270 1855 1302 :

1089 1325 1183 1374 ‘mett
1194 1325 1329 1390 ἐλευθερίην
1342 1325 1482 1389 περιθεῖναι,
1498 1323 1535 1374 id.
1550 1323 1674 1373 1311251
1691 1337 1697 1372 ε
1712 1323 1857 1371 Ἀσόεστον

1082 1393 1152 1505 χλέρς
1163 1392 1218 1505 ⁰1⁶1}
1225 1391 1280 1454 φίλη
1288 1391 1343 1456 περὶ
1351 1391 1449 1456 πατρίδι
1458 1392 1548 1445 θέντες.
1560 1417 1590 1426 -
1601 1390 1661 1437 Vsa.
1676 1389 1726 1436 2-3.
1736 1387 1857 1450 Supplet

1134 1470 1191 1506 erse
1211 1471 1273 1506 ius:

1156 1557 1282 1607 Ἀδύνατον
1298 1557 1368 1611 κλέος
1381 1557 1433 1606 οίδι
1447 1557 1516 1618 φιλην
1527 1556 1583 1620 περὶ
1594 1555 1689 1617 πατρίδ’
1703 1555 1799 1610 ἔθεντο,

1181 1623 1298 1686 σημαῑνεν
1313 1621 1339 1672 δέ
1354 1622 1419 1686 μάχη
1432 1623 1593 1683 δυσμενέεσσι
1605 1621 1691 1684 βίην...

1083 1724 1135 1774 Pro
1149 1724 1241 1787 ίίμενοι
1253 1723 1321 1788 quod
1335 1721 1451 1787 scripsit,
1466 1723 1628 1788 proponebat
1641 1735 1742 1785 quoque
1755 1721 1855 1770 Boeck-

1082 1789 1141 1839 hius
1157 1790 1288 1854 ἐσσύμενοι
1299 1789 1340 1838 vel
1355 1789 1481 1853 μαιόμενοι
1501 1787 1588 1851 (Pind.
1608 1785 1709 1851 olymp.
1725 1787 1796 1843 Vlll,
1815 1789 1854 1848 3).

1084 1884 1113 1892 -
1132 1857 1178 1904 Vs.
1197 1857 1221 1905 3.
1247 1854 1559 1916 Recrudescente
1579 1855 1696 1912 στήθεσσι
1719 1855 1851 1916 φέροντες.

1083 1949 1113 1958 -
1136 1923 1183 1971 Vs.
1204 1921 1228 1971 t.
1245 1920 1353 1971 Boeclth.
1378 1921 1526 1986 μαρνάμενοι
1544 1919 1644 1968 κοίθελον
1665 1926 1691 1967 et
1710 1925 1805 1982 postea
1824 1917 1855 1966 in

1082 1986 1234 2038 Addendt'a:
1245 1986 1318 2051 μνῆμ’
1326 1985 1411 2036 ἐλαδον
1422 1987 1549 2050 σφίτερον,
1561 2001 1575 2034 e
1586 1983 1702 2048 vestigiis
1710 1982 1854 2047 scripturas

1083 2067 1140 2118 quse
1157 2058 1262 2102 remant
1285 2051 1388 2101 schedae
1406 2049 1582 2112 Pauvelianse,
1600 2051 1670 2115 quod
1686 2050 1812 2113 legerunt
1826 2061 1854 2097 et

1083 2118 1247 2169 Cumanudes
1269 2124 1295 2166 et
1314 2116 1371 2182 ipse
1391 2116 1552 2167 Nestorius.
1575 2143 1605 2152 —
1627 2116 1675 2164 Vs.
1695 2118 1719 2164 5.
1739 2122 1807 2163 extr.
1830 2116 1853 2162 δ’

1083 2183 1169 2242 ὕπνον,
1190 2184 1253 2234 Viae.
1270 2210 1300 2220 -
1318 2184 1365 2233 Vs.
1384 2184 1409 2232 6.
1425 2183 1533 2233 Boeckh.
1549 2182 1647 2240 ἔπεσον,
1665 2183 1775 2231 cuman.
1795 2179 1853 2229 ἔδα-

1083 2267 1137 2312 μεν,
1154 2248 1227 2299 Visc.
1244 2249 1344 2299 τόνδε...
1361 2249 1458 2313 ἔλαχον.
1474 2249 1545 2297 Duos
1557 2262 1646 2298 versus
1660 2246 1721 2296 illos
1733 2245 1853 2296 restituit

1082 2315 1217 2366 Thiersch.
1232 2313 1269 2364 ita
1285 2331 1291 2363 :

1148 2425 1218 2488 αίθὴρ
1232 2423 1275 2486 μὶν
1287 2425 1367 2488 ψυχὰς
1377 2423 1519 2480 ύπεδέίατο,
1532 2423 1637 2482 σώματα
1648 2423 1674 2470 δὲ
1684 2423 1750 2486 χθών

1182 2491 1256 2540 τῶνδε
1268 2491 1412 2545 Ποτειδαίας
1423 2489 1446 2552 γ’
1459 2490 1521 2552 ἀμφί
1534 2491 1609 2544 πύλας
1623 2489 1715 2552 ἔλαχεν.

1083 2582 1129 2630 Vs.
1138 2582 1163 2630 3.
1173 2589 1237 2630 extr.
1245 2581 1349 2644 δάκρυσι
1361 2581 1430 2648 τιμζι,
1446 2581 1512 2630 Viae.
1521 2579 1627 2629 Confert
1640 2580 1760 2644 Eggerus
1770 2577 1852 2628 Ennii

1087 2668 1098 2692 ο
1106 2648 1189 2696 Nemo
1199 2661 1241 2696 me
1249 2645 1372 2696 lacrumis
1380 2647 1494 2696 decoret.
1506 2665 1517 2690 ν
1531 2673 1561 2682 -
1570 2646 1617 2694 Vs.
1629 2648 1668 2694 10.
1680 2645 1851 2694 ldemlaudat

1085 2711 1212 2764 Simonid.
1226 2711 1253 2760 in
1264 2712 1369 2762 Autlol.
1382 2711 1439 2776 pal.
1452 2711 1510 2772 VII,
1524 2712 1580 2760 512.
1595 2739 1625 2747 -
1638 2711 1685 2760 Vs.
1700 2713 1740 2759 12.
1754 2709 1779 2760 ai
1789 2713 1852 2774 πρύ-

1084 2777 1148 2835 ξαντ’
1156 2777 1306 2838 Viscontus,
1317 2778 1412 2826 collato
1425 2776 1561 2827 AEsohinis
1570 2779 1658 2840 πρᾶξαι
1667 2777 1852 2836 ἐπιτηδεύματα

1085 2851 1111 2894 et
1124 2843 1218 2907 Virgil.
1234 2844 1295 2894 Δία.
1311 2843 1356 2904 vl,
1372 2844 1418 2893 807
1435 2858 1441 2891 :
1457 2841 1587 2892 Virtutem
1606 2842 1743 2892 extendere
1757 2842 1850 2895 sarriet
1921 2847 1922 2884 l

1085 2907 1212 2974 ἐπράξαντ’
1235 2907 1387 2969 ThIerseh.;
1409 2909 1534 2968 ἡλλόξαντ’
1556 2909 1645 2972 ἀρετήν
1668 2907 1800 2966 virtutem,
1822 2909 1852 2956 id

1085 2979 1121 3026 eet
1135 2975 1239 3026 laudem
1252 2973 1355 3024 virtutis
1369 2981 1454 3024 morte
1471 2972 1540 3037 pacti
1554 2979 1625 3023 sunt.
1639 3001 1669 3010 -
1685 2994 1698 3020 ι
1714 2973 1807 3037 Lepidi
1823 2973 1850 3022 in

1086 3041 1220 3092 Ceramico
1232 3047 1306 3090 extra
1316 3041 1408 3090 urbem
1420 3039 1483 3090 olim
1495 3037 1522 3088 in
1537 3038 1649 3102 publicis
1663 3038 1790 3104 sepulcris
1802 3055 1849 3104 po·

1086 3105 1137 3157 sito
1154 3121 1198 3156 sex
1213 3105 1317 3156 fuerant
1333 3105 1446 3156 disticha
1461 3104 1577 3170 elegiaca
1591 3104 1718 3170 iuscripta
1732 3120 1762 3155 ex
1775 3119 1850 3154 more

1085 3173 1163 3237 vulgo
1174 3179 1290 3236 recepto.
1299 3170 1360 3220 Vid.
1376 3171 1489 3221 Pausau.
1503 3171 1524 3232 l,
1535 3185 1609 3230 xxix,
1622 3171 1796 3231 alremont.
1811 3172 1851 3220 De

1088 3239 1181 3288 Ceron.
1197 3252 1223 3302 p.
1242 3238 1300 3296 322,
1317 3237 1350 3285 cl.
1369 3252 1395 3286 n.
1415 3238 1472 3296 171,
1487 3243 1565 3310 atque
1581 3235 1661 3286 etiam
1679 3253 1706 3286 n.
1726 3237 1780 3286 106.
1801 3235 1850 3286 His

1087 3303 1264 3379 praedicantur
1280 3317 1333 3352 non
1350 3301 1433 3366 quiin
1447 3301 1583 3352 obsidione
1598 3299 1732 3362 Potidaeae,
1748 3301 1793 3351 sed
1806 3301 1850 3364 qui

1086 3386 1114 3420 m
1130 3367 1215 3434 prima
1230 3369 1299 3432 apud
1316 3367 1461 3418 Potidaeam
1473 3382 1561 3431 pugna
1572 3366 1654 3417 occisi
1668 3375 1737 3428 sunt,
1750 3367 1791 3417 Ol.
1807 3370 1850 3426 87,

1089 3438 1112 3496 1,
1128 3442 1221 3500 quarto
1234 3435 1289 3483 tere
1303 3449 1401 3482 mense.
1416 3453 1428 3477 ο
1444 3432 1520 3482 Βαλίε.

1119 3566 1177 3616 XX.
1190 3565 1220 3615 ln
1230 3564 1380 3614 Acarnania
1392 3562 1599 3628 septentrionali,
1611 3563 1668 3612 loco
1680 3563 1778 3614 incerto
1792 3565 1852 3613 titu-

1087 3633 1142 3681 lum
1153 3639 1285 3696 repertum
1293 3629 1404 3680 Rossius
1414 3630 1495 3680 edidit
1504 3630 1531 3678 in
1540 3627 1647 3679 Buttett.
1659 3631 1721 3679 last.
1730 3631 1850 3680 ανείιαοέ.

1088 3699 1158 3748 Rom.
1175 3711 1199 3746 a.
1216 3697 1290 3756 1810,
1305 3711 1331 3760 ρ.
1349 3695 1390 3756 28,
1405 3711 1464 3746 curn
1480 3694 1559 3756 notis,
1576 3701 1603 3744 et
1620 3695 1681 3745 hinc
1695 3695 1851 3744 Welclrerus

1087 3763 1153 3813 Nou.
1163 3763 1231 3812 dtus.
1242 3762 1357 3812 Rhenes.
1369 3761 1462 3826 (1811),
1473 3776 1498 3826 p.
1510 3763 1568 3810 206.
1578 3787 1610 3798 -
1618 3759 1849 3826 RepetiitBoeclrh.

1090 3830 1178 3893 θυεμ,
1190 3827 1309 3878 Addend.
1332 3842 1358 3876 n.
1383 3829 1446 3877 1731
1465 3827 1491 3886 A,
1513 3826 1573 3876 inde
1592 3834 1617 3875 et
1635 3825 1751 3876 exhibuit
1769 3842 1794 3876 ν.
1814 3827 1849 3876 cl.

1088 3894 1257 3958 Rhaugabes,
1269 3893 1343 3942 Antt.
1356 3891 1416 3942 beli.
1429 3899 1447 3942 t.
1459 3893 1513 3958 Ι,ρ.
1526 3893 1584 3949 380,
1597 3895 1608 3940 1
1621 3893 1719 3956 suppl,
1731 3892 1820 3941 ubirs.
1836 3897 1846 3940 l
1920 3891 1921 3954 ᾖ

1089 3959 1195 4036 scripsit
1212 3959 1374 4024 upsalstbutt
1390 3959 1544 4022 praelerebat
1558 3957 1699 4007 Boeckbius
1718 3959 1851 4023 Προκλείδο
1920 3955 1921 3996 l

1089 4023 1241 4090 genitivum,
1255 4023 1324 4088 quod
1337 4024 1445 4073 damnat
1458 4025 1490 4072 G.
1504 4023 1607 4073 llaibsl.
1623 4039 1649 4072 n.
1667 4025 1723 4072 182.

1121 4156 1189 4206 XXI.
1202 4155 1293 4206 Exstat
1301 4156 1351 4204 hoc
1361 4155 1522 4220 epigramma
1530 4169 1572 4218 ap.
1582 4153 1766 4220 Aristophanis
1778 4157 1852 4206 seho

1089 4221 1192 4272 liastam
1204 4222 1241 4271 acl
1262 4221 1329 4270 Νιιθ.
1348 4237 1386 4270 us.
1406 4223 1451 4270 331
1466 4227 1492 4270 et
1506 4221 1596 4284 Steph.
1612 4221 1673 4284 Byz.
1696 4221 1722 4269 in
1741 4223 1849 4283 θούριοι.

1090 4309 1103 4334 ν
1123 4287 1282 4348 Herodotus,
1302 4302 1361 4335 curn
1380 4293 1487 4350 propter
1505 4286 1683 4349 Lygdamiden
1702 4295 1850 4349 tyrannum,

1089 4354 1132 4417 qui
1140 4351 1320 4402 Halicarnassi
1329 4352 1520 4412 dominabatur,
1529 4353 1635 4401 Samum
1643 4351 1850 4415 commigrasset,

1088 4418 1199 4482 indeque
1215 4418 1327 4482 patriam
1343 4432 1463 4468 reversus
1480 4416 1622 4481 expulisset
1635 4427 1781 4480 tyrannum,
1796 4435 1850 4468 ma-

1090 4499 1168 4548 gnam
1182 4483 1234 4534 sibi
1250 4483 1320 4548 apud
1337 4485 1406 4534 eires
1419 4482 1559 4532 concitavit
1572 4483 1706 4544 invidiam,
1722 4499 1772 4548 qua
1784 4499 1851 4534 com·

1088 4557 1174 4599 motus
1187 4548 1403 4600 Halicarnassum
1415 4549 1510 4599 iterum
1523 4548 1637 4613 reliquit,
1650 4550 1683 4604 είς
1695 4549 1723 4596 τθ
1736 4550 1849 4614 θούριον,

1089 4617 1272 4680 ἐεποικιζόμινον
1301 4616 1348 4666 ὑπὸ
1381 4616 1518 4673 Ἀθηναίων,
1543 4615 1667 4672 ἐθελοντὴς
1689 4609 1755 4676 ἦλθε,
1780 4617 1850 4666 κάκεῖ

1089 4683 1236 4740 τελευτήσας
1245 4681 1284 4730 ἐπί
1295 4683 1338 4740 τῆς
1347 4683 1439 4744 ἀγορᾶς
1451 4683 1575 4730 τέθαπται.
1588 4701 1600 4724 ν
1613 4679 1712 4730 Jacobs.
1722 4696 1752 4730 ex
1761 4681 1848 4732 Suida.

1090 4775 1120 4785 -
1134 4748 1179 4798 Vs.
1200 4749 1224 4797 3.
1238 4747 1329 4812 Steph.
1346 4749 1382 4809 τῷ
1398 4748 1444 4812 γὰρ
1462 4747 1531 4811 quod
1545 4745 1654 4796 retinuit
1667 4746 1782 4807 Grotius,
1796 4749 1849 4812 qui,

1089 4819 1118 4862 ut
1138 4823 1257 4876 apparet,
1280 4813 1386 4877 legebat
1404 4813 1483 4862 etiam
1505 4813 1601 4878 θούριον
1622 4813 1679 4877 (pro
1699 4811 1786 4877 θοῦρον
1806 4825 1849 4864 aut

1090 4879 1208 4945 θούριδα),
1224 4876 1379 4928 bellicosam.

1123 5011 1204 5060 XXII.
1218 5009 1296 5074 Apud
1309 5009 1443 5060 Plutarch.
1456 5009 1484 5058 in
1500 5011 1576 5059 Nicia
1587 5010 1659 5060 XVll
1673 5026 1680 5058 :
1703 5011 1734 5058 ¹0
1750 5009 1847 5072 μὲνγὰρ
1919 4983 1920 5059 ί

1092 5079 1153 5138 μετὰ
1172 5078 1215 5134 τὴν
1231 5069 1307 5137 ἧτταν
1326 5077 1407 5126 αὐτῶν
1422 5077 1482 5139 (τῶν
1510 5077 1638 5133 Ἀθηναίων
1654 5075 1678 5124 ἐν
1697 5077 1798 5140 Σικελία)
1808 5077 1849 5125 καὶ

1091 5143 1132 5192 τόν
1148 5143 1255 5208 ὄλεθρον,
1274 5143 1374 5206 γράφων
1392 5141 1540 5200 ἐπικήδειον,
1556 5141 1684 5199 ἐποίησιν·
1699 5143 1759 5191 Οίδε
1775 5143 1849 5208 Συρα-

1091 5209 1192 5264 κοσίους
1210 5225 1235 5256 ιι.
1249 5225 1271 5257 τ.
1285 5210 1307 5258 λ.
1328 5208 1381 5256 Ούκ
1399 5207 1466 5256 θκτὼ
1488 5207 1562 5266 νίκας,
1577 5208 1635 5256 atla
1653 5208 1762 5262 πλείονας
1776 5207 1848 5263 τίνεις

271 5289 339 5324 reeca
354 5274 410 5324 aad
425 5276 472 5323 two
485 5273 604 5322 asemona
623 5275 688 5322 read
701 5277 727 5322 to
743 5274 783 5322 tlte
797 5277 877 5336 ltopal
889 5278 995 5323 institut
1009 5275 1041 5335 of
1091 5273 1158 5339 εύροι
1167 5275 1350 5340 Συρακουσίους
1358 5274 1529 5337 νενικημθνους
1538 5271 1676 5330 ύπάύτών,
1686 5273 1740 5336 πρὶν
1753 5271 1780 5320 ἐκ
1790 5275 1845 5322 θεῶν
