3866 6016
303 441 366 506 ‘300

308 577 444 650 Πλευδίκη
462 577 604 649 εὐνηθεῖσα
620 578 812 657 μενεπτολέμιρ
827 583 969 658 Δαϊφάντῳ

307 673 426 743 γείνατο,
441 672 604 723 ναιετάουσα
616 669 701 732 Κυνὸς
714 666 837 746 κεφαλῆς
850 671 912 747 περὶ
923 673 1026 746 χῶρον,

307 759 358 815 οὐκ
370 747 426 813 οίόν
440 755 478 832 γ’·
495 757 556 832 ἅμα
566 761 603 832 τῷ
618 758 665 811 καί
678 741 832 835 Ερείτιμον,
847 754 939 812 εἰδότα
952 754 1041 832 θήρην

282 844 398 926 θιείδύτα
410 846 573 928 πυγμαχίην
589 863 617 898 τε
631 843 858 920 παλαισμοσύνην
873 845 897 900 τ’
910 842 1066 920 ἀλεγεινήν.

306 935 358 990 Τὸν
373 937 421 1011 μὲν
435 933 479 988 ότι
491 936 646 988 κνώσσοντα
656 935 719 990 ποτέ
729 932 818 1010 χθόνα
830 931 944 989 κάτθετο
962 935 1065 1009 μήτηρ,

306 1025 387 1077 εἰσέτι
400 1018 508 1076 παιδίον
525 1021 603 1090 ὄντα,
618 1019 734 1096 μέλισσά
747 1040 796 1086 τις,
814 1023 849 1084 ὡς
864 1021 908 1076 ἐπὶ
922 1014 1042 1096 σίμύλῳ,

306 1107 411 1186 χείλεσι
422 1111 585 1186 νηπιάχοισι
597 1103 815 1164 τιθαιύώσοοιισα
827 1110 942 1166 ποτάτο.

306 1199 349 1274 Τῷ
366 1194 394 1252 δὲ
405 1195 596 1273 λιγυρθόγγων
611 1197 696 1252 έπίων
713 1194 817 1273 μελέων
832 1194 856 1252 θ’
872 1194 1024 1271 ὑποθήμων

269 1286 296 1334 ίύ
307 1284 403 1341 ἔπλετο
421 1283 466 1340 δῖα
481 1285 610 1362 Κόριννα·
626 1281 751 1360 θεμείλια
767 1281 791 1340 δ’
808 1284 900 1340 ὤπασε
918 1281 1009 1360 μύθων

306 1375 336 1430 cd
349 1377 465 1452 πρῶτον·
479 1376 547 1450 μετά
557 1375 606 1443 τὴν
620 1371 643 1428 δ’
657 1358 829 1449 Ᾰγαθοκλέος
840 1374 959 1449 ἔμμορεν
970 1367 1067 1440 αὐδῆς,

309 1640 337 1703 dc
350 1641 378 1694 τέ
394 1639 428 1716 ρά
442 1639 469 1694 οἱ
483 1635 634 1703 κατέδειξεν
650 1633 714 1692 otto
728 1637 776 1692 καί
790 1639 886 1714 μέτρον
901 1631 1008 1703 ἀοιδῆς·

307 1724 375 1784 Eius
390 1726 415 1782 δ’
428 1711 611 1804 Ᾰλεξάνδροιο
626 1722 815 1780 Φιλιππιάδαο
833 1725 969 1800 μενοινῆς,

307 1813 453 1892 Καδμείων
468 1817 599 1892 ἀφίκοντο
612 1811 773 1884 Μακηδόντς
786 1813 870 1868 άστεα
883 1813 990 1888 πέρσαι,

270 1915 298 1962 15
310 1893 464 1982 Πινδαρέων
481 1907 605 1982 μεγάρων
621 1904 675 1980 οὐχ
685 1900 779 1978 ἥψατο
795 1897 938 1962 θεσπιδαὲς
950 1901 1016 1974 πῦρ.

308 1979 386 2050 llll
397 1995 428 2049 τό
444 1995 492 2070 μέν
509 1989 677 2070 μετόπισθεν·
695 1991 734 2045 ἔτι
747 1986 844 2057 ζώοντι
859 1985 945 2064 ἀοιδῷ

310 2079 410 2146 Φοῖύος
424 2077 492 2146 άναξ
506 2079 641 2152 ἐκέλευσε,
658 2077 836 2156 πολυχρύσου
850 2077 926 2154 παρὰ
940 2072 1055 2146 Πυθοῦς,

308 2173 359 2241 ῆια
372 2173 419 2226 καί
436 2169 499 2247 μέλι
511 2168 596 2247 λαρθν
610 2169 654 2223 aa
665 2163 794 2237 θήύηνδε
808 2160 943 2242 κομίζειν;

310 2261 363 2314 Καί
379 2257 470 2336 μέλος,
488 2259 524 2322 ὡς
537 2258 687 2322 ἐνέπουσιν,
703 2257 730 2310 έν
745 2254 851 2332 οὔρεσιν
863 2255 987 2330 ῆύκερως
1001 2251 1058 2305 Πάν

270 2357 299 2404 20
311 2345 446 2426 Πινδάρου
459 2349 516 2402 αἰέν
529 2343 613 2411 άειδε,
630 2347 677 2400 καὶ
691 2345 742 2400 οὐκ
758 2346 891 2421 ἐμέγηρεν
907 2339 1016 2398 ἀείδων.

311 2596 387 2693 Πμος
401 2611 425 2669 δ’
443 2615 469 2668 ἐν
483 2609 630 2691 Μαραθῶνι
640 2612 688 2666 καὶ
702 2611 728 2666 ἐν
743 2607 880 2684 Σαλαμῖνι
893 2609 1027 2685 παρέσταν

312 2705 451 2784 αίναρίται
462 2704 563 2778 Πέρσαι
580 2702 647 2777 μετὰ
661 2695 775 2760 Δάτιδος
788 2699 971 2774 άγριορώνου,

301 2796 400 2870 τῆμος
413 2791 452 2848 έτι
467 2787 593 2872 ζώεσκεν,
609 2786 648 2844 ὅτ’
663 2785 798 2863 Αἰσχύλος
811 2782 846 2854 ήν
861 2786 888 2838 έν
901 2767 1029 2854 Ᾰθήναις.

297 2883 354 2959 Τῷ
369 2875 514 2958 ΤιμοΕείνη
530 2871 698 2956 παρελέξατο
714 2872 760 2929 δῖα
774 2875 920 2950 γυναικῶν·

272 2969 330 3040 2θῆ
344 2971 419 3026 τίκεν
434 2966 558 3044 Εὐμητιν
575 2961 752 3041 μεγαλήτορα
765 2963 814 3016 καὶ
828 2959 990 3035 Δαΐφαντον,

312 3041 504 3137 Πρωτομάχην
514 3051 540 3109 δ’
550 3055 595 3108 tot
605 3054 699 3107 τοῖσιν·
712 3046 817 3126 ἔμελψε
829 3045 858 3102 δέ
868 3043 950 3110 κῦδος
960 3048 1070 3123 ἀγώνων

310 3150 362 3202 τῶν
377 3149 507 3224 πισύρων,
527 3144 656 3219 μακάρων
669 3141 805 3208 παιήονες
819 3133 1036 3213 ένδεδεγμένους,

300 3237 358 3312 ,καί
374 3232 456 3312 μέλος
470 3227 647 3309 θρχηθμοῖσι,
664 3225 731 3283 θεῶν
746 3223 769 3280 τ’
785 3221 923 3303 ἐρικυδίας
937 3223 1049 3298 ύμνους,

310 3321 363 3385 ήδὲ
379 3319 567 3399 μελιφθόγγων
584 3313 765 3394 μελεδήματα
777 3310 975 3392 παρθενικάων.

273 3407 300 3456 3⁰
312 3413 389 3474 Τοῖος
403 3411 453 3466 ἰὼν
468 3411 516 3463 καί
527 3409 590 3462 τοία
603 3405 694 3482 πορὼν
708 3403 756 3457 καί
769 3405 854 3458 τόσσα
867 3397 994 3462 τελέσσας

312 3497 440 3556 κάτθανεν
456 3493 613 3576 ὀγδώκοντα
626 3491 804 3570 τελειομένων
819 3489 957 3545 ἐνιαυτῶν.

612 3901 662 3958 75.
684 3904 779 3955 ΑΛΛΟ.

313 4038 465 4116 Οὐλύμπου
479 4036 601 4114 κορυρῆς
615 4033 659 4090 ίπι
670 4029 771 4088 Πυθίου
791 4012 957 4092 Ᾰπόλλωνος

312 4131 383 4208 ίερόν
398 4127 467 4200 iidoc
483 4127 541 4203 ἔχει
557 4119 634 4200 (πρὸς
653 4121 703 4192 τὴν
723 4115 836 4175 κάθετον
852 4113 877 4172 δ’
893 4112 1060 4194 ἐμετρήθη)

296 4217 407 4294 ,πλήρη
426 4217 479 4292 μὲν,
490 4209 594 4268 δεκάδα
608 4205 725 4265 σταδίων
742 4209 818 4284 μίαν,
839 4206 925 4283 αὐτὰρ
941 4202 982 4260 ἐπ’
1002 4206 1073 4280 αὐτῆ

351 4301 468 4382 πλέθρον
485 4295 638 4378 τετραπέδῳ
652 4295 816 4371 λειπόμενον
832 4289 949 4370 μεγέθει.

312 4390 447 4469 Εὐμήλου
461 4387 490 4446 δέ
507 4409 551 4466 μιν
565 4387 622 4448 uide
633 4382 751 4454 ἐθήκατο
766 4384 852 4461 μέτρα
864 4378 995 4437 κελεύθου

352 4480 535 4556 Ξειναγόρης·
549 4478 582 4532 σὺ
594 4471 631 4539 δ’,
640 4466 718 4538 diui,
729 4474 822 4550 χαῖρε,
832 4471 881 4525 καί
890 4467 974 4526 έεθλά
983 4464 1071 4525 δίδου.

660 4897 1373 4916 -.,-——..—.-.-..----——-*
1393 4898 1557 4904 --..--.-.-
1597 4897 1627 4902 .-
1637 4897 1707 4902 .--.-

600 5040 642 5089 75.
660 5051 788 5088 anonam.

293 5239 296 5250 ι
314 5177 438 5243 Pythiaco
451 5191 467 5227 a
478 5165 575 5241 templo
589 5179 676 5223 vertex
689 5169 804 5234 assurgit
818 5169 929 5234 Olympi,

313 5261 345 5313 ad
361 5258 574 5328 perpendiculum
586 5256 655 5322 quod
669 5254 766 5306 mentio
780 5254 850 5304 sacta
865 5253 985 5312 docebat,

758 447 1016 508 ANTHOLOGIAE
1037 443 1188 505 GRAECAE
1209 443 1439 504 APPENDICIS
1504 485 1508 491 -

1124 582 1251 640 Cleodica
1264 581 1508 655 connuhio-juncta
1520 579 1649 636 bellicoso
1664 579 1826 655 Deiphanto

1123 669 1242 748 peperit,
1254 669 1382 727 habitans
1396 667 1618 744 Cynoscephalas
1629 667 1710 740 juxta
1721 666 1828 726 locum.

1122 775 1176 814 non
1185 757 1271 814 solum
1279 756 1404 830 quidem:
1414 753 1702 811 cumeoetEritimum
1713 752 1838 828 peritum
1846 769 1887 806 ve

1122 829 1239 917 peritum
1253 842 1446 916 pugilatusque
1459 841 1593 915 luctuque
1607 839 1734 896 difficilia.
1745 839 1887 910 [nationis

1123 921 1209 1000 Quem
1223 949 1284 988 cum
1298 930 1477 987 dormientem
1491 929 1567 985 humi
1581 929 1748 1003 deposuerat
1761 935 1864 991 mater,

1123 1019 1214 1075 adhuc
1228 1018 1380 1092 puerulum,
1397 1017 1457 1092 apis
1472 1017 1606 1091 quaedam,
1622 1016 1701 1090 quasi
1715 1017 1743 1072 in
1757 1017 1851 1084 alveo,

1122 1105 1206 1162 labris
1220 1106 1371 1162 infantibus
1384 1105 1543 1162 mellificans
1557 1105 1703 1162 advolavit.

1124 1194 1173 1252 Cui
1186 1193 1578 1251 suavem-sonumhabentium
1594 1193 1741 1250 carminum
1758 1199 1788 1249 et
1799 1191 1887 1246 modo

1668 1283 1738 1355 [rum
1754 1280 1888 1353 magistra

1123 1371 1176 1427 luit
1189 1371 1380 1440 dia-Corinna3
1397 1370 1627 1443 fundamentoque
1641 1369 1717 1426 dedit
1730 1367 1867 1425 orationis

1124 1457 1228 1532 prima;
1249 1465 1313 1532 post
1333 1475 1392 1515 eam
1416 1464 1507 1514 autem
1525 1457 1686 1532 Agathoclis
1708 1457 1827 1513 sortitus
1849 1462 1888 1510 est

1349 1545 1354 1554 '
1772 1546 1886 1618 [vocem

1125 1633 1172 1706 qui
1184 1649 1249 1690 sane
1263 1633 1288 1690 ei
1302 1633 1465 1690 monstravit
1475 1633 1548 1689 riam
1563 1640 1591 1692 et
1602 1651 1756 1690 mensuram
1769 1639 1886 1688 cantus:

1126 1721 1240 1790 Quando
1248 1727 1338 1778 autem
1346 1721 1493 1778 Alexandri
1502 1723 1668 1795 Philippidae
1675 1722 1711 1778 ob
1721 1721 1789 1788 iras,
1806 1723 1885 1794 trent,

1126 1809 1304 1866 Cadmeorum
1313 1818 1445 1867 venerunt
1453 1811 1617 1868 Macedones
1625 1809 1671 1884 qui
1679 1810 1774 1865 urbem
1782 1815 1886 1865 everte·

1126 1897 1321 1954 Pindarearum
1338 1897 1437 1954 edium
1455 1915 1511 1954 non
1529 1899 1623 1972 attigit
1642 1898 1888 1954 divinitus-ardens

1792 1985 1885 2058 [ignia.

1126 2075 1182 2130 Sed
1195 2075 1247 2131 hoc
1261 2075 1371 2149 quidem
1384 2075 1531 2149 posterius.
1546 2075 1644 2132 Adhuc
1656 2074 1758 2131 viventi
1771 2081 1860 2148 poeta

1127 2161 1249 2219 Phoebus
1264 2179 1312 2218 rex
1321 2163 1405 2236 juaait
1418 2181 1453 2219 ex
1466 2163 1749 2220 auro-abundantibus
1762 2161 1876 2234 Delphis

1127 2251 1255 2307 alimenta
1270 2259 1298 2308 et
1310 2251 1364 2308 mel
1372 2252 1520 2326 jucundum
1537 2268 1645 2326 semper
1656 2251 1766 2307 Thebes
1781 2253 1885 2306 allerre.

1127 2340 1161 2395 Et
1171 2339 1277 2411 modos,
1291 2346 1322 2396 ut
1335 2347 1457 2409 narrant,
1473 2339 1500 2396 in
1512 2339 1650 2396 montibus
1665 2340 1887 2413 pulcra-habens-

1705 2430 1821 2501 [cornua
1831 2429 1884 2483 Pon

1127 2516 1238 2574 Pindari
1253 2533 1361 2592 semper
1374 2517 1482 2586 cecinit,
1494 2535 1583 2592 neque
1597 2517 1695 2576 invidit
1708 2535 1819 2576 canens.

1127 2605 1241 2674 Quando
1256 2614 1347 2663 autem
1362 2608 1521 2664 Marathone
1536 2615 1564 2663 et
1576 2605 1714 2663 Salamine
1727 2607 1839 2664 adfuere

1126 2691 1378 2751 virtute—metuendi
1390 2695 1490 2763 Persae,
1503 2711 1564 2750 cum
1578 2693 1676 2750 Datidc
1690 2693 1885 2750 immanem-ro

1675 2780 1882 2854 [cem-habente,

1126 2875 1191 2925 tunc
1205 2870 1295 2926 adhuc
1308 2869 1426 2939 vivebat,
1441 2887 1502 2926 cum
1516 2869 1662 2944 AEsohylus
1676 2876 1737 2926 crat
1748 2871 1870 2926 Athenis.

1127 2958 1175 3016 Cui
1188 2959 1337 3015 Timoxena
1351 2957 1499 3015 concubuit
1512 2957 1605 3014 divina
1617 2957 1688 3014 inter
1701 2957 1828 3015 mulieres
1843 2977 1850 3014 :

1126 3064 1186 3120 quaa
1194 3045 1301 3120 peperit
1309 3045 1433 3103 Eumetin
1442 3045 1643 3118 magnanimum
1654 3053 1682 3102 et
1690 3045 1880 3120 Daiphantum‚

1126 3135 1390 3207 Protomachamque
1406 3151 1467 3190 cum
1484 3133 1536 3190 illia
1553 3150 1561 3188 z
1581 3131 1701 3190 cantavit
1720 3140 1810 3190 autem
1828 3133 1882 3207 glo·

1282 3230 1287 3238 ’
1621 3221 1700 3293 [riam
1713 3221 1883 3280 certaminum

1126 3319 1252 3385 quatuor,
1261 3312 1403 3368 beatorum
1414 3311 1444 3384 (t.
1455 3328 1478 3368 e.
1487 3310 1609 3383 deorum)
1619 3311 1736 3384 hymnos
1750 3319 1880 3385 acceptos,

1126 3405 1156 3456 et
1172 3399 1267 3455 modos
1286 3397 1524 3471 saltationi-aptos,
1541 3398 1715 3472 Deorumqua
1735 3398 1883 3456 admodum-

1618 3485 1749 3560 [glon'osa
1758 3487 1881 3552 carmina,

1127 3581 1209 3648 atque
1223 3571 1580 3630 melleos-sonosedentium
1594 3591 1674 3630 curas
1685 3573 1828 3649 virginum.

1127 3666 1194 3723 Cum
1205 3663 1267 3722 tells
1275 3669 1358 3732 esset,
1368 3661 1467 3720 attalia
1476 3662 1598 3720 dedisset
1605 3669 1633 3719 et
1640 3663 1790 3720 tam-multa
1800 3665 1883 3737 peric

1127 3761 1250 3811 mortuus
1260 3760 1302 3809 eet
1315 3750 1456 3826 octoginta
1465 3749 1578 3824 integris
1588 3750 1766 3810 annisnatus.
1782 3751 1881 3826 [cisseh

1426 3896 1471 3948 75.
1489 3901 1591 3946 AthJD.

1128 4028 1237 4104 Olympi
1249 4026 1388 4084 cacumine
1401 4042 1484 4100 cuper
1498 4023 1594 4100 Pythii
1608 4024 1744 4100 Apollinis

1128 4118 1256 4192 templum
1268 4114 1437 4173 altitudinem
1446 4113 1531 4170 habet
1542 4113 1588 4188 (ad
1602 4115 1825 4188 perpendiculum
1838 4133 1882 4171 au-

1517 4203 1583 4275 [tam
1595 4210 1854 4260 mensura-acta-est
1867 4205 1883 4274 ι)

1128 4293 1235 4370 plenam
1250 4291 1359 4367 quidem
1375 4288 1512 4348 decuaaim
1531 4289 1681 4347 stadiorum
1697 4308 1785 4357 unam,
1805 4297 1883 4364 atque

1410 4442 1412 4447 s
1766 4379 1883 4451 [insuper

1163 4469 1300 4542 plcthrum
1310 4471 1428 4540 quatuor
1437 4465 1538 4540 pedum
1547 4464 1692 4522 deficiente
1706 4465 1881 4538 longitudine.

1127 4547 1328 4616 Eumeliautem
1336 4553 1516 4626 filiuseumti.
1530 4569 1553 4610 a.
1562 4551 1691 4627 lapidem)
1702 4553 1801 4626 posuit,
1815 4569 1883 4608 men·

1725 4642 1826 4714 [suram
1836 4641 1882 4696 rie

1162 4727 1880 4805 Xenagorasztuautem,domine,salre‚etbonadato.

1714 4898 1745 4903 ,.-
1755 4893 1869 4903 ,,......-..-

1129 4999 1201 5061 totio,
1216 4999 1303 5058 creda,
1316 4997 1406 5047 decem
1420 4994 1513 5046 stadiis
1527 5001 1554 5045 et
1564 4993 1667 5059 jugere,
1680 4993 1775 5044 sedhic

1162 5082 1275 5134 deducas
1289 5077 1364 5131 bin'os
1378 5079 1401 5129 ai
1412 5087 1500 5130 tamen
1512 5079 1572 5128 inde
1585 5077 1674 5143 pedes.

1128 5165 1234 5216 Mensae
1245 5165 1400 5228 Xenagoras
1414 5161 1516 5214 Eumeli
1528 5161 1596 5212 lilius
1608 5162 1659 5211 hoc
1672 5167 1720 5211 est.

1161 5248 1203 5299 Sia
1215 5247 1286 5307 felix,
1301 5261 1382 5306 crea,
1398 5253 1424 5296 et
1437 5246 1506 5296 bona
1520 5246 1603 5296 multa
1616 5243 1684 5295 duis.
1723 5259 1747 5292 υ.
1762 5255 1878 5292 oaorma.
