<?xml version="1.0" encoding="UTF-8"?>
<!DOCTYPE html PUBLIC "-//W3C//DTD XHTML 1.0 Transitional//EN"
    "http://www.w3.org/TR/xhtml1/DTD/xhtml1-transitional.dtd">
<html xmlns="http://www.w3.org/1999/xhtml" xml:lang="en" lang="en">
 <head>
  <title>
</title>
<meta http-equiv="Content-Type" content="text/html;charset=utf-8" />
  <meta name='ocr-system' content='tesseract 3.04.00' />
  <meta name='ocr-capabilities' content='ocr_page ocr_carea ocr_par ocr_line ocrx_word'/>
</head>
<body>
  <div class='ocr_page' id='page_1' title='image "./epigrammatumant02couggoog/epigrammatumant02couggoog_0499.png"; bbox 0 0 3882 6080; ppageno 0'>
   <div class='ocr_carea' id='block_1_1' title="bbox 237 368 294 424">
    <p class='ocr_par' dir='ltr' id='par_1_1' title="bbox 237 368 294 424">
     <span class='ocr_line' id='line_1_1' title="bbox 237 368 294 424; baseline 0 0"><span class='ocrx_word' id='word_1_1' title='bbox 237 368 294 424; x_wconf 69' lang='grc'>488</span> 
     </span>
    </p>
   </div>
   <div class='ocr_carea' id='block_1_2' title="bbox 237 495 959 577">
    <p class='ocr_par' dir='ltr' id='par_1_2' title="bbox 237 495 959 577">
     <span class='ocr_line' id='line_1_2' title="bbox 237 495 959 577; baseline 0.007 -26"><span class='ocrx_word' id='word_1_2' title='bbox 237 498 269 551; x_wconf 88' lang='grc' dir='ltr'>ού</span> <span class='ocrx_word' id='word_1_3' title='bbox 284 498 375 573; x_wconf 82' lang='grc' dir='ltr'>παγάν</span> <span class='ocrx_word' id='word_1_4' title='bbox 388 495 554 554; x_wconf 81' lang='grc' dir='ltr'>λαλόουσαν·</span> <span class='ocrx_word' id='word_1_5' title='bbox 571 495 701 554; x_wconf 69' lang='lat' dir='ltr'>&amp;niobem</span> <span class='ocrx_word' id='word_1_6' title='bbox 715 502 762 554; x_wconf 81' lang='grc' dir='ltr'>καὶ</span> <span class='ocrx_word' id='word_1_7' title='bbox 772 497 859 556; x_wconf 93' lang='grc' dir='ltr'>λάλον</span> <span class='ocrx_word' id='word_1_8' title='bbox 874 497 959 577; x_wconf 88' lang='grc' dir='ltr'>ύδωρ.</span> 
     </span>
    </p>
   </div>
   <div class='ocr_carea' id='block_1_3' title="bbox 273 733 965 882">
    <p class='ocr_par' dir='ltr' id='par_1_3' title="bbox 273 733 965 882">
     <span class='ocr_line' id='line_1_3' title="bbox 379 733 868 791; baseline -0.004 0"><span class='ocrx_word' id='word_1_9' title='bbox 379 735 445 791; x_wconf 73' lang='lat' dir='ltr'>tls.</span> <span class='ocrx_word' id='word_1_10' title='bbox 468 733 680 789; x_wconf 78' lang='grc' dir='ltr'><strong>ΑΠΟΛΛΩΝΟΣ</strong></span> <span class='ocrx_word' id='word_1_11' title='bbox 702 734 868 790; x_wconf 67' lang='lat' dir='ltr'>nuntior</span> 
     </span>
     <span class='ocr_line' id='line_1_4' title="bbox 273 819 965 882; baseline 0.006 -5"><span class='ocrx_word' id='word_1_12' title='bbox 273 823 294 877; x_wconf 88' lang='grc' dir='ltr'>Η</span> <span class='ocrx_word' id='word_1_13' title='bbox 316 821 383 877; x_wconf 86' lang='grc' dir='ltr'>ΤΟΥ</span> <span class='ocrx_word' id='word_1_14' title='bbox 404 821 577 876; x_wconf 77' lang='grc' dir='ltr'><strong>ΔΙΔΥΜΕΩΣ</strong></span> <span class='ocrx_word' id='word_1_15' title='bbox 598 819 665 876; x_wconf 89' lang='grc' dir='ltr'>ΤΟΥ</span> <span class='ocrx_word' id='word_1_16' title='bbox 684 823 729 876; x_wconf 88' lang='lat' dir='ltr'>EN</span> <span class='ocrx_word' id='word_1_17' title='bbox 751 823 965 882; x_wconf 83' lang='grc' dir='ltr'>ΒΡΑΓΧῙΔΑΙΣ.</span> 
     </span>
    </p>
   </div>
   <div class='ocr_carea' id='block_1_4' title="bbox 530 932 703 998">
    <p class='ocr_par' dir='ltr' id='par_1_4' title="bbox 530 932 703 998">
     <span class='ocr_line' id='line_1_5' title="bbox 530 932 703 998; baseline 0.023 -17"><span class='ocrx_word' id='word_1_18' title='bbox 530 933 589 998; x_wconf 80' lang='grc' dir='ltr'>Περὶ</span> <span class='ocrx_word' id='word_1_19' title='bbox 603 932 703 986; x_wconf 79' lang='grc' dir='ltr'>ἑαυτοῦ.</span> 
     </span>
    </p>
   </div>
   <div class='ocr_carea' id='block_1_5' title="bbox 241 1046 919 1140">
    <p class='ocr_par' dir='ltr' id='par_1_5' title="bbox 241 1046 919 1140">
     <span class='ocr_line' id='line_1_6' title="bbox 241 1046 919 1140; baseline 0.003 -23"><span class='ocrx_word' id='word_1_20' title='bbox 241 1048 335 1117; x_wconf 73' lang='grc' dir='ltr'>Ιόειδον</span> <span class='ocrx_word' id='word_1_21' title='bbox 352 1065 399 1138; x_wconf 80' lang='grc' dir='ltr'>μὲν</span> <span class='ocrx_word' id='word_1_22' title='bbox 415 1063 478 1136; x_wconf 78' lang='grc' dir='ltr'>ἐγὼ,</span> <span class='ocrx_word' id='word_1_23' title='bbox 496 1062 510 1114; x_wconf 90' lang='grc' dir='ltr'>ό</span> <span class='ocrx_word' id='word_1_24' title='bbox 526 1058 551 1114; x_wconf 91' lang='grc' dir='ltr'>δ’</span> <span class='ocrx_word' id='word_1_25' title='bbox 565 1063 699 1138; x_wconf 75' lang='grc' dir='ltr'>ἀνάγραφε</span> <span class='ocrx_word' id='word_1_26' title='bbox 714 1060 783 1125; x_wconf 87' lang='grc' dir='ltr'>θεῖος</span> <span class='ocrx_word' id='word_1_27' title='bbox 796 1046 919 1140; x_wconf 69' lang='grc' dir='ltr'>ὅμηρος,</span> 
     </span>
    </p>
   </div>
   <div class='ocr_carea' id='block_1_6' title="bbox 476 1220 754 1277">
    <p class='ocr_par' dir='ltr' id='par_1_6' title="bbox 476 1220 754 1277">
     <span class='ocr_line' id='line_1_7' title="bbox 476 1220 754 1277; baseline -0.007 0"><span class='ocrx_word' id='word_1_28' title='bbox 476 1220 543 1277; x_wconf 70' lang='lat' dir='ltr'>tul.</span> <span class='ocrx_word' id='word_1_29' title='bbox 565 1228 628 1276; x_wconf 81' lang='lat' dir='ltr'>nor</span> <span class='ocrx_word' id='word_1_30' title='bbox 643 1228 754 1276; x_wconf 75' lang='lat' dir='ltr'>arros.</span> 
     </span>
    </p>
   </div>
   <div class='ocr_carea' id='block_1_7' title="bbox 239 1350 977 1518">
    <p class='ocr_par' dir='ltr' id='par_1_7' title="bbox 239 1350 977 1518">
     <span class='ocr_line' id='line_1_8' title="bbox 240 1350 965 1430; baseline -0.008 -21"><span class='ocrx_word' id='word_1_31' title='bbox 240 1356 342 1430; x_wconf 78' lang='grc' dir='ltr'>θῐητόρι</span> <span class='ocrx_word' id='word_1_32' title='bbox 358 1355 405 1428; x_wconf 84' lang='grc' dir='ltr'>μὲν</span> <span class='ocrx_word' id='word_1_33' title='bbox 423 1358 551 1430; x_wconf 76' lang='grc' dir='ltr'>μακάρων</span> <span class='ocrx_word' id='word_1_34' title='bbox 567 1352 679 1428; x_wconf 78' lang='grc' dir='ltr'>μέλεται</span> <span class='ocrx_word' id='word_1_35' title='bbox 691 1350 814 1423; x_wconf 73' lang='grc' dir='ltr'>Τιτηνίδι</span> <span class='ocrx_word' id='word_1_36' title='bbox 826 1354 892 1430; x_wconf 76' lang='grc' dir='ltr'>Ρείῃ</span> <span class='ocrx_word' id='word_1_37' title='bbox 962 1398 965 1403; x_wconf 88' lang='grc'>.</span> 
     </span>
     <span class='ocr_line' id='line_1_9' title="bbox 239 1439 977 1518; baseline 0.004 -23"><span class='ocrx_word' id='word_1_38' title='bbox 239 1441 320 1496; x_wconf 77' lang='grc' dir='ltr'>αὐλοὶ</span> <span class='ocrx_word' id='word_1_39' title='bbox 333 1445 381 1496; x_wconf 81' lang='grc' dir='ltr'>καὶ</span> <span class='ocrx_word' id='word_1_40' title='bbox 394 1445 541 1517; x_wconf 78' lang='grc' dir='ltr'>τυμπάνων</span> <span class='ocrx_word' id='word_1_41' title='bbox 556 1445 684 1518; x_wconf 82' lang='grc' dir='ltr'>πάταγοι,</span> <span class='ocrx_word' id='word_1_42' title='bbox 704 1443 751 1496; x_wconf 78' lang='grc' dir='ltr'>καὶ</span> <span class='ocrx_word' id='word_1_43' title='bbox 769 1439 855 1510; x_wconf 75' lang='grc' dir='ltr'>θήλυς</span> <span class='ocrx_word' id='word_1_44' title='bbox 871 1440 977 1517; x_wconf 81' lang='grc' dir='ltr'>ὅμιλος.</span> 
     </span>
    </p>
   </div>
   <div class='ocr_carea' id='block_1_8' title="bbox 238 1602 1002 1870">
    <p class='ocr_par' dir='ltr' id='par_1_8' title="bbox 238 1602 1002 1870">
     <span class='ocr_line' id='line_1_10' title="bbox 240 1602 938 1695; baseline 0 -23"><span class='ocrx_word' id='word_1_45' title='bbox 240 1615 366 1672; x_wconf 77' lang='grc' dir='ltr'>Παλλάδι</span> <span class='ocrx_word' id='word_1_46' title='bbox 381 1616 404 1672; x_wconf 82' lang='grc' dir='ltr'>δ’</span> <span class='ocrx_word' id='word_1_47' title='bbox 420 1617 559 1688; x_wconf 79' lang='grc' dir='ltr'>ιύπήληκι</span> <span class='ocrx_word' id='word_1_48' title='bbox 576 1616 656 1694; x_wconf 89' lang='grc' dir='ltr'>μόθοι</span> <span class='ocrx_word' id='word_1_49' title='bbox 669 1621 716 1672; x_wconf 82' lang='grc' dir='ltr'>καὶ</span> <span class='ocrx_word' id='word_1_50' title='bbox 730 1616 808 1695; x_wconf 81' lang='grc' dir='ltr'>δῆρις</span> <span class='ocrx_word' id='word_1_51' title='bbox 820 1602 938 1682; x_wconf 70' lang='grc' dir='ltr'>δνυούς·</span> 
     </span>
     <span class='ocr_line' id='line_1_11' title="bbox 238 1791 1002 1870; baseline 0.001 -24"><span class='ocrx_word' id='word_1_52' title='bbox 238 1795 285 1847; x_wconf 78' lang='grc' dir='ltr'>καὶ</span> <span class='ocrx_word' id='word_1_53' title='bbox 306 1791 415 1866; x_wconf 84' lang='grc' dir='ltr'>βαλόαις</span> <span class='ocrx_word' id='word_1_54' title='bbox 431 1791 604 1864; x_wconf 87' lang='grc' dir='ltr'>σκυλάκεσσι,</span> <span class='ocrx_word' id='word_1_55' title='bbox 624 1791 846 1867; x_wconf 86' lang='grc' dir='ltr'>βαθυσκοιτέλους</span> <span class='ocrx_word' id='word_1_56' title='bbox 865 1794 917 1848; x_wconf 87' lang='grc' dir='ltr'>άνά</span> <span class='ocrx_word' id='word_1_57' title='bbox 931 1796 1002 1870; x_wconf 86' lang='grc' dir='ltr'>πρῶ-</span> 
     </span>
    </p>
   </div>
   <div class='ocr_carea' id='block_1_9' title="bbox 195 1878 999 2046">
    <p class='ocr_par' dir='ltr' id='par_1_9' title="bbox 195 1878 999 2046">
     <span class='ocr_line' id='line_1_12' title="bbox 195 1878 999 2046; baseline 0.004 -26"><span class='ocrx_word' id='word_1_58' title='bbox 195 1973 208 2020; x_wconf 82' lang='grc'>5</span> <span class='ocrx_word' id='word_1_59' title='bbox 239 1965 324 2045; x_wconf 80' lang='grc' dir='ltr'>θῆρας</span> <span class='ocrx_word' id='word_1_60' title='bbox 336 1968 511 2045; x_wconf 79' lang='grc' dir='ltr'>όριιονόμους</span> <span class='ocrx_word' id='word_1_61' title='bbox 524 1966 613 2022; x_wconf 74' lang='grc' dir='ltr'>ἐλάαιν</span> <span class='ocrx_word' id='word_1_62' title='bbox 629 1966 749 2038; x_wconf 85' lang='grc' dir='ltr'>Λητώιδι</span> <span class='ocrx_word' id='word_1_63' title='bbox 762 1971 861 2046; x_wconf 77' lang='grc' dir='ltr'>κούρῃ,</span> <span class='ocrx_word' id='word_1_64' title='bbox 932 1878 999 1958; x_wconf 47' lang='lat' dir='ltr'>[m.</span> 
     </span>
    </p>
   </div>
   <div class='ocr_carea' id='block_1_10' title="bbox 242 2131 921 2224">
    <p class='ocr_par' dir='ltr' id='par_1_10' title="bbox 242 2131 921 2224">
     <span class='ocr_line' id='line_1_13' title="bbox 242 2131 921 2224; baseline 0.003 -24"><span class='ocrx_word' id='word_1_65' title='bbox 242 2131 299 2223; x_wconf 74' lang='grc' dir='ltr'>θύρῃ</span> <span class='ocrx_word' id='word_1_66' title='bbox 317 2144 341 2200; x_wconf 80' lang='grc' dir='ltr'>δ’</span> <span class='ocrx_word' id='word_1_67' title='bbox 357 2143 496 2222; x_wconf 83' lang='grc' dir='ltr'>τύκελάδιρ</span> <span class='ocrx_word' id='word_1_68' title='bbox 514 2145 626 2222; x_wconf 87' lang='grc' dir='ltr'>μαλακὴ</span> <span class='ocrx_word' id='word_1_69' title='bbox 643 2150 721 2223; x_wconf 83' lang='grc' dir='ltr'>χύσις</span> <span class='ocrx_word' id='word_1_70' title='bbox 731 2149 814 2223; x_wconf 79' lang='grc' dir='ltr'>ἠέρος</span> <span class='ocrx_word' id='word_1_71' title='bbox 827 2147 921 2224; x_wconf 83' lang='grc' dir='ltr'>ὑγρῆς·</span> 
     </span>
    </p>
   </div>
   <div class='ocr_carea' id='block_1_11' title="bbox 239 2321 893 2400">
    <p class='ocr_par' dir='ltr' id='par_1_11' title="bbox 239 2321 893 2400">
     <span class='ocr_line' id='line_1_14' title="bbox 239 2321 893 2400; baseline -0.002 -22"><span class='ocrx_word' id='word_1_72' title='bbox 239 2323 308 2392; x_wconf 64' lang='grc' dir='ltr'>λόγια</span> <span class='ocrx_word' id='word_1_73' title='bbox 324 2321 348 2377; x_wconf 86' lang='grc' dir='ltr'>δ’</span> <span class='ocrx_word' id='word_1_74' title='bbox 366 2321 470 2392; x_wconf 78' lang='grc' dir='ltr'>εὐαλδῆ</span> <span class='ocrx_word' id='word_1_75' title='bbox 486 2326 594 2399; x_wconf 75' lang='grc' dir='ltr'>κομέειν</span> <span class='ocrx_word' id='word_1_76' title='bbox 610 2327 795 2400; x_wconf 81' lang='grc' dir='ltr'>σταχυιτρόρα</span> <span class='ocrx_word' id='word_1_77' title='bbox 810 2325 893 2394; x_wconf 84' lang='grc' dir='ltr'>Δηοῖ·</span> 
     </span>
    </p>
   </div>
   <div class='ocr_carea' id='block_1_12' title="bbox 240 2483 984 2664">
    <p class='ocr_par' dir='ltr' id='par_1_12' title="bbox 240 2483 984 2664">
     <span class='ocr_line' id='line_1_15' title="bbox 240 2483 984 2575; baseline 0.004 -23"><span class='ocrx_word' id='word_1_78' title='bbox 240 2483 308 2553; x_wconf 80' lang='grc' dir='ltr'>Ῑσιδι</span> <span class='ocrx_word' id='word_1_79' title='bbox 323 2495 346 2551; x_wconf 88' lang='grc' dir='ltr'>δ’</span> <span class='ocrx_word' id='word_1_80' title='bbox 363 2493 398 2552; x_wconf 83' lang='grc' dir='ltr'>αὖ</span> <span class='ocrx_word' id='word_1_81' title='bbox 413 2499 505 2575; x_wconf 77' lang='grc' dir='ltr'>Φαρόῃ</span> <span class='ocrx_word' id='word_1_82' title='bbox 517 2499 642 2573; x_wconf 81' lang='grc' dir='ltr'>γονίμοις</span> <span class='ocrx_word' id='word_1_83' title='bbox 661 2499 737 2575; x_wconf 84' lang='grc' dir='ltr'>παρά</span> <span class='ocrx_word' id='word_1_84' title='bbox 750 2500 871 2572; x_wconf 82' lang='grc' dir='ltr'>χεύμασι</span> <span class='ocrx_word' id='word_1_85' title='bbox 884 2501 984 2558; x_wconf 64' lang='grc' dir='ltr'>Νείλου</span> 
     </span>
     <span class='ocr_line' id='line_1_16' title="bbox 244 2571 904 2664; baseline 0.008 -24"><span class='ocrx_word' id='word_1_86' title='bbox 244 2581 384 2662; x_wconf 81' lang='grc' dir='ltr'>μαστεύειν</span> <span class='ocrx_word' id='word_1_87' title='bbox 400 2585 542 2662; x_wconf 79' lang='grc' dir='ltr'>οῖσιροισιν</span> <span class='ocrx_word' id='word_1_88' title='bbox 557 2587 599 2640; x_wconf 79' lang='grc' dir='ltr'>ἑόν</span> <span class='ocrx_word' id='word_1_89' title='bbox 614 2589 692 2640; x_wconf 85' lang='grc' dir='ltr'>πόσιν</span> <span class='ocrx_word' id='word_1_90' title='bbox 705 2583 788 2662; x_wconf 85' lang='grc' dir='ltr'>άόρόν</span> <span class='ocrx_word' id='word_1_91' title='bbox 802 2571 904 2664; x_wconf 78' lang='grc' dir='ltr'>θσιριν.</span> 
     </span>
    </p>
   </div>
   <div class='ocr_carea' id='block_1_13' title="bbox 484 2745 759 2803">
    <p class='ocr_par' dir='ltr' id='par_1_13' title="bbox 484 2745 759 2803">
     <span class='ocr_line' id='line_1_17' title="bbox 484 2745 759 2803; baseline -0.004 -1"><span class='ocrx_word' id='word_1_92' title='bbox 484 2745 551 2803; x_wconf 76' lang='lat'><strong>125.</strong></span> <span class='ocrx_word' id='word_1_93' title='bbox 573 2755 635 2800; x_wconf 83' lang='lat' dir='ltr'>ror</span> <span class='ocrx_word' id='word_1_94' title='bbox 652 2754 759 2801; x_wconf 74' lang='lat' dir='ltr'>sinor.</span> 
     </span>
    </p>
   </div>
   <div class='ocr_carea' id='block_1_14' title="bbox 244 2876 1004 2961">
    <p class='ocr_par' dir='ltr' id='par_1_14' title="bbox 244 2876 1004 2961">
     <span class='ocr_line' id='line_1_18' title="bbox 244 2876 1004 2961; baseline 0.029 -41"><span class='ocrx_word' id='word_1_95' title='bbox 244 2876 348 2950; x_wconf 54' lang='lat' dir='ltr'>eng-‚dg</span> <span class='ocrx_word' id='word_1_96' title='bbox 362 2876 410 2950; x_wconf 75' lang='grc' dir='ltr'>ἔην</span> <span class='ocrx_word' id='word_1_97' title='bbox 425 2877 495 2934; x_wconf 78' lang='grc' dir='ltr'>κατὰ</span> <span class='ocrx_word' id='word_1_98' title='bbox 508 2879 606 2958; x_wconf 83' lang='grc' dir='ltr'>σάρκα,</span> <span class='ocrx_word' id='word_1_99' title='bbox 619 2878 701 2960; x_wconf 78' lang='grc' dir='ltr'>σορός</span> <span class='ocrx_word' id='word_1_100' title='bbox 714 2881 889 2950; x_wconf 77' lang='grc' dir='ltr'>τερατώδεσιν</span> <span class='ocrx_word' id='word_1_101' title='bbox 908 2883 1004 2961; x_wconf 79' lang='grc' dir='ltr'>ἔργοις,</span> 
     </span>
    </p>
   </div>
   <div class='ocr_carea' id='block_1_15' title="bbox 242 3051 1005 3222">
    <p class='ocr_par' dir='ltr' id='par_1_15' title="bbox 242 3051 1005 3222">
     <span class='ocr_line' id='line_1_19' title="bbox 244 3051 936 3132; baseline 0.003 -22"><span class='ocrx_word' id='word_1_102' title='bbox 244 3053 307 3110; x_wconf 76' lang='grc' dir='ltr'>ἀλλ’</span> <span class='ocrx_word' id='word_1_103' title='bbox 323 3055 375 3111; x_wconf 71' lang='lat' dir='ltr'>unt</span> <span class='ocrx_word' id='word_1_104' title='bbox 390 3051 534 3112; x_wconf 82' lang='grc' dir='ltr'>Χαλδαίων</span> <span class='ocrx_word' id='word_1_105' title='bbox 546 3059 642 3132; x_wconf 82' lang='grc' dir='ltr'>κριτῶν</span> <span class='ocrx_word' id='word_1_106' title='bbox 657 3055 751 3120; x_wconf 86' lang='grc' dir='ltr'>όιτλοις</span> <span class='ocrx_word' id='word_1_107' title='bbox 765 3054 936 3128; x_wconf 78' lang='grc' dir='ltr'>συναλωθιὶς,</span> 
     </span>
     <span class='ocr_line' id='line_1_20' title="bbox 242 3143 1005 3222; baseline -0.001 -23"><span class='ocrx_word' id='word_1_108' title='bbox 242 3147 361 3221; x_wconf 76' lang='grc' dir='ltr'>γόμφοις</span> <span class='ocrx_word' id='word_1_109' title='bbox 376 3145 423 3198; x_wconf 81' lang='grc' dir='ltr'>καὶ</span> <span class='ocrx_word' id='word_1_110' title='bbox 433 3143 595 3199; x_wconf 80' lang='grc' dir='ltr'>σκολόπεσσι</span> <span class='ocrx_word' id='word_1_111' title='bbox 608 3146 707 3222; x_wconf 84' lang='grc' dir='ltr'>πικρὴν</span> <span class='ocrx_word' id='word_1_112' title='bbox 722 3144 853 3216; x_wconf 80' lang='grc' dir='ltr'>άνότλησε</span> <span class='ocrx_word' id='word_1_113' title='bbox 865 3144 1005 3215; x_wconf 65' lang='grc' dir='ltr'>τελευτήν,</span> 
     </span>
    </p>
   </div>
   <div class='ocr_carea' id='block_1_16' title="bbox 494 3292 777 3476">
    <p class='ocr_par' dir='ltr' id='par_1_16' title="bbox 494 3292 777 3476">
     <span class='ocr_line' id='line_1_21' title="bbox 504 3292 770 3351; baseline 0.004 -2"><span class='ocrx_word' id='word_1_114' title='bbox 504 3292 570 3350; x_wconf 76' lang='lat' dir='ltr'>tao.</span> <span class='ocrx_word' id='word_1_115' title='bbox 593 3301 770 3351; x_wconf 66' lang='lat' dir='ltr'>rossinol.</span> 
     </span>
     <span class='ocr_line' id='line_1_22' title="bbox 494 3406 777 3476; baseline 0.007 -22"><span class='ocrx_word' id='word_1_116' title='bbox 494 3407 596 3476; x_wconf 74' lang='grc' dir='ltr'>Πολίτῃ.</span> <span class='ocrx_word' id='word_1_117' title='bbox 613 3406 673 3472; x_wconf 72' lang='grc' dir='ltr'>Περὶ</span> <span class='ocrx_word' id='word_1_118' title='bbox 690 3409 777 3472; x_wconf 78' lang='grc' dir='ltr'>ψυχῆς.</span> 
     </span>
    </p>
   </div>
   <div class='ocr_carea' id='block_1_17' title="bbox 245 3521 1008 3784">
    <p class='ocr_par' dir='ltr' id='par_1_17' title="bbox 245 3521 1008 3784">
     <span class='ocr_line' id='line_1_23' title="bbox 245 3521 1006 3606; baseline 0.009 -29"><span class='ocrx_word' id='word_1_119' title='bbox 245 3523 331 3600; x_wconf 73' lang='grc' dir='ltr'>Ψυχὴ</span> <span class='ocrx_word' id='word_1_120' title='bbox 349 3523 396 3600; x_wconf 78' lang='grc' dir='ltr'>μῖν</span> <span class='ocrx_word' id='word_1_121' title='bbox 414 3527 508 3602; x_wconf 75' lang='grc' dir='ltr'>μέχρις</span> <span class='ocrx_word' id='word_1_122' title='bbox 517 3521 549 3580; x_wconf 84' lang='grc' dir='ltr'>οὗ</span> <span class='ocrx_word' id='word_1_123' title='bbox 565 3523 674 3602; x_wconf 82' lang='grc' dir='ltr'>δεσμοῖς</span> <span class='ocrx_word' id='word_1_124' title='bbox 687 3529 753 3604; x_wconf 81' lang='grc' dir='ltr'>πρὸς</span> <span class='ocrx_word' id='word_1_125' title='bbox 767 3531 847 3604; x_wconf 84' lang='grc' dir='ltr'>σῶμα</span> <span class='ocrx_word' id='word_1_126' title='bbox 859 3532 1006 3606; x_wconf 84' lang='grc' dir='ltr'>κρατεῖται,</span> 
     </span>
     <span class='ocr_line' id='line_1_24' title="bbox 266 3611 946 3691; baseline 0.012 -25"><span class='ocrx_word' id='word_1_127' title='bbox 266 3611 352 3689; x_wconf 82' lang='grc' dir='ltr'>θαρτά</span> <span class='ocrx_word' id='word_1_128' title='bbox 366 3617 468 3668; x_wconf 79' lang='grc' dir='ltr'>νοοῦσα</span> <span class='ocrx_word' id='word_1_129' title='bbox 484 3612 572 3683; x_wconf 85' lang='grc' dir='ltr'>πάθη,</span> <span class='ocrx_word' id='word_1_130' title='bbox 587 3612 696 3684; x_wconf 87' lang='grc' dir='ltr'>θνηταῖς</span> <span class='ocrx_word' id='word_1_131' title='bbox 707 3613 858 3691; x_wconf 71' lang='grc' dir='ltr'>ἀλγηδόσιν</span> <span class='ocrx_word' id='word_1_132' title='bbox 872 3617 946 3674; x_wconf 85' lang='grc' dir='ltr'>ιῖκτι.</span> 
     </span>
     <span class='ocr_line' id='line_1_25' title="bbox 246 3630 1008 3784; baseline 0.008 -28"><span class='ocrx_word' id='word_1_133' title='bbox 246 3630 332 3756; x_wconf 59' lang='lat' dir='ltr'>bulso</span> <span class='ocrx_word' id='word_1_134' title='bbox 350 3699 374 3756; x_wconf 90' lang='grc' dir='ltr'>δ’</span> <span class='ocrx_word' id='word_1_135' title='bbox 386 3698 450 3758; x_wconf 83' lang='grc' dir='ltr'>αύτε</span> <span class='ocrx_word' id='word_1_136' title='bbox 464 3701 543 3758; x_wconf 83' lang='grc' dir='ltr'>λύσιν</span> <span class='ocrx_word' id='word_1_137' title='bbox 561 3701 676 3780; x_wconf 77' lang='grc' dir='ltr'>βροτέην</span> <span class='ocrx_word' id='word_1_138' title='bbox 693 3707 761 3781; x_wconf 82' lang='grc' dir='ltr'>μετὰ</span> <span class='ocrx_word' id='word_1_139' title='bbox 776 3710 857 3782; x_wconf 85' lang='grc' dir='ltr'>σῶμα</span> <span class='ocrx_word' id='word_1_140' title='bbox 874 3705 1008 3784; x_wconf 80' lang='grc' dir='ltr'>μαρανθὲν</span> 
     </span>
    </p>
   </div>
   <div class='ocr_carea' id='block_1_18' title="bbox 204 3878 966 4050">
    <p class='ocr_par' dir='ltr' id='par_1_18' title="bbox 204 3878 966 4050">
     <span class='ocr_line' id='line_1_26' title="bbox 247 3878 889 3958; baseline 0.009 -26"><span class='ocrx_word' id='word_1_141' title='bbox 247 3879 364 3948; x_wconf 81' lang='grc' dir='ltr'>ὠκίστην</span> <span class='ocrx_word' id='word_1_142' title='bbox 379 3878 501 3956; x_wconf 86' lang='grc' dir='ltr'>εύρηται,</span> <span class='ocrx_word' id='word_1_143' title='bbox 518 3881 544 3944; x_wconf 81' lang='grc' dir='ltr'>ἐς</span> <span class='ocrx_word' id='word_1_144' title='bbox 556 3879 651 3958; x_wconf 70' lang='grc' dir='ltr'>αἰθέρα</span> <span class='ocrx_word' id='word_1_145' title='bbox 664 3885 739 3936; x_wconf 84' lang='grc' dir='ltr'>πᾶσα</span> <span class='ocrx_word' id='word_1_146' title='bbox 757 3887 889 3958; x_wconf 78' lang='grc' dir='ltr'>φορεῖται,</span> 
     </span>
     <span class='ocr_line' id='line_1_27' title="bbox 204 3963 966 4050; baseline 0.004 -26"><span class='ocrx_word' id='word_1_147' title='bbox 204 3977 218 4024; x_wconf 77' lang='grc'>5</span> <span class='ocrx_word' id='word_1_148' title='bbox 248 3967 305 4021; x_wconf 76' lang='lat' dir='ltr'>alta</span> <span class='ocrx_word' id='word_1_149' title='bbox 318 3969 441 4044; x_wconf 78' lang='grc' dir='ltr'>ἀγήραος</span> <span class='ocrx_word' id='word_1_150' title='bbox 455 3963 534 4032; x_wconf 82' lang='grc' dir='ltr'>οὖσα,</span> <span class='ocrx_word' id='word_1_151' title='bbox 552 3972 625 4044; x_wconf 83' lang='grc' dir='ltr'>μένει</span> <span class='ocrx_word' id='word_1_152' title='bbox 640 3966 664 4023; x_wconf 82' lang='grc' dir='ltr'>δ’</span> <span class='ocrx_word' id='word_1_153' title='bbox 681 3971 707 4034; x_wconf 75' lang='grc' dir='ltr'>ἐς</span> <span class='ocrx_word' id='word_1_154' title='bbox 718 3973 833 4047; x_wconf 84' lang='grc' dir='ltr'>πάμπαν</span> <span class='ocrx_word' id='word_1_155' title='bbox 849 3973 966 4050; x_wconf 72' lang='grc' dir='ltr'>ἀτειρής.</span> 
     </span>
    </p>
   </div>
   <div class='ocr_carea' id='block_1_19' title="bbox 249 4143 914 4225">
    <p class='ocr_par' dir='ltr' id='par_1_19' title="bbox 249 4143 914 4225">
     <span class='ocr_line' id='line_1_28' title="bbox 249 4143 914 4225; baseline 0.012 -28"><span class='ocrx_word' id='word_1_156' title='bbox 249 4144 423 4220; x_wconf 85' lang='grc' dir='ltr'>Πρωτόγονος</span> <span class='ocrx_word' id='word_1_157' title='bbox 433 4145 486 4220; x_wconf 86' lang='grc' dir='ltr'>γάρ</span> <span class='ocrx_word' id='word_1_158' title='bbox 499 4147 579 4199; x_wconf 87' lang='grc' dir='ltr'>τοῦτο</span> <span class='ocrx_word' id='word_1_159' title='bbox 595 4143 657 4200; x_wconf 84' lang='grc' dir='ltr'>θεοῦ</span> <span class='ocrx_word' id='word_1_160' title='bbox 674 4143 777 4212; x_wconf 78' lang='grc' dir='ltr'>διέταξε</span> <span class='ocrx_word' id='word_1_161' title='bbox 789 4152 914 4225; x_wconf 85' lang='grc' dir='ltr'>πρόνοια.</span> 
     </span>
    </p>
   </div>
   <div class='ocr_carea' id='block_1_20' title="bbox 247 4377 911 4610">
    <p class='ocr_par' dir='ltr' id='par_1_20' title="bbox 247 4377 911 4610">
     <span class='ocr_line' id='line_1_29' title="bbox 247 4377 897 4434; baseline 0.014 -9"><span class='ocrx_word' id='word_1_162' title='bbox 247 4378 302 4426; x_wconf 89' lang='lat' dir='ltr'>Nec</span> <span class='ocrx_word' id='word_1_163' title='bbox 317 4391 388 4434; x_wconf 84' lang='lat' dir='ltr'>casa,</span> <span class='ocrx_word' id='word_1_164' title='bbox 403 4392 451 4426; x_wconf 85' lang='lat' dir='ltr'>nec</span> <span class='ocrx_word' id='word_1_165' title='bbox 466 4377 558 4428; x_wconf 86' lang='lat' dir='ltr'>Phoebi</span> <span class='ocrx_word' id='word_1_166' title='bbox 570 4379 682 4430; x_wconf 87' lang='lat' dir='ltr'>reddens</span> <span class='ocrx_word' id='word_1_167' title='bbox 692 4383 799 4433; x_wconf 86' lang='lat' dir='ltr'>oracula</span> <span class='ocrx_word' id='word_1_168' title='bbox 809 4383 897 4434; x_wconf 86' lang='lat' dir='ltr'>laurus</span> 
     </span>
     <span class='ocr_line' id='line_1_30' title="bbox 249 4461 858 4532; baseline 0.011 -22"><span class='ocrx_word' id='word_1_169' title='bbox 249 4461 301 4510; x_wconf 86' lang='lat' dir='ltr'>ullu</span> <span class='ocrx_word' id='word_1_170' title='bbox 316 4475 404 4524; x_wconf 88' lang='lat' dir='ltr'>super,</span> <span class='ocrx_word' id='word_1_171' title='bbox 418 4461 496 4510; x_wconf 81' lang='lat' dir='ltr'>nullas</span> <span class='ocrx_word' id='word_1_172' title='bbox 508 4461 614 4512; x_wconf 84' lang='lat' dir='ltr'>veniunt</span> <span class='ocrx_word' id='word_1_173' title='bbox 625 4477 641 4513; x_wconf 89' lang='lat' dir='ltr'>a</span> <span class='ocrx_word' id='word_1_174' title='bbox 656 4464 726 4514; x_wconf 85' lang='lat' dir='ltr'>sonte</span> <span class='ocrx_word' id='word_1_175' title='bbox 737 4466 858 4532; x_wconf 70' lang='lat' dir='ltr'>loquelae,</span> 
     </span>
     <span class='ocr_line' id='line_1_31' title="bbox 249 4543 911 4610; baseline 0.011 -16"><span class='ocrx_word' id='word_1_176' title='bbox 249 4543 368 4594; x_wconf 78' lang='lat' dir='ltr'>exstincti</span> <span class='ocrx_word' id='word_1_177' title='bbox 380 4543 524 4608; x_wconf 87' lang='lat' dir='ltr'>laticesque</span> <span class='ocrx_word' id='word_1_178' title='bbox 538 4547 666 4610; x_wconf 80' lang='lat' dir='ltr'>profunda</span> <span class='ocrx_word' id='word_1_179' title='bbox 680 4548 785 4600; x_wconf 81' lang='lat' dir='ltr'>silentiu</span> <span class='ocrx_word' id='word_1_180' title='bbox 798 4559 911 4601; x_wconf 83' lang='lat' dir='ltr'>servant.</span> 
     </span>
    </p>
   </div>
   <div class='ocr_carea' id='block_1_21' title="bbox 899 4649 1012 4686">
    <p class='ocr_par' dir='ltr' id='par_1_21' title="bbox 899 4649 1012 4686">
     <span class='ocr_line' id='line_1_32' title="bbox 899 4649 1012 4686; baseline 0.027 -3"><span class='ocrx_word' id='word_1_181' title='bbox 899 4649 1012 4686; x_wconf 73' lang='lat' dir='ltr'>xuuuu.</span> 
     </span>
    </p>
   </div>
   <div class='ocr_carea' id='block_1_22' title="bbox 249 4747 922 4992">
    <p class='ocr_par' dir='ltr' id='par_1_22' title="bbox 249 4747 922 4992">
     <span class='ocr_line' id='line_1_33' title="bbox 337 4747 922 4803; baseline 0.012 -7"><span class='ocrx_word' id='word_1_182' title='bbox 337 4749 394 4797; x_wconf 77' lang='lat' dir='ltr'>trs.</span> <span class='ocrx_word' id='word_1_183' title='bbox 413 4747 556 4799; x_wconf 74' lang='lat' dir='ltr'>Arosnrrtrs</span> <span class='ocrx_word' id='word_1_184' title='bbox 569 4751 690 4800; x_wconf 78' lang='lat' dir='ltr'>Dromr</span> <span class='ocrx_word' id='word_1_185' title='bbox 706 4767 732 4802; x_wconf 83' lang='grc' dir='ltr'>ικ</span> <span class='ocrx_word' id='word_1_186' title='bbox 747 4753 922 4803; x_wconf 76' lang='lat' dir='ltr'>anncnrnrs.</span> 
     </span>
     <span class='ocr_line' id='line_1_34' title="bbox 557 4835 705 4899; baseline 0.014 -17"><span class='ocrx_word' id='word_1_187' title='bbox 557 4835 596 4883; x_wconf 88' lang='lat' dir='ltr'>De</span> <span class='ocrx_word' id='word_1_188' title='bbox 605 4850 631 4884; x_wconf 80' lang='lat' dir='ltr'>se</span> <span class='ocrx_word' id='word_1_189' title='bbox 641 4837 705 4899; x_wconf 85' lang='lat' dir='ltr'>ipso.</span> 
     </span>
     <span class='ocr_line' id='line_1_35' title="bbox 249 4923 912 4992; baseline 0.006 -18"><span class='ocrx_word' id='word_1_190' title='bbox 249 4925 310 4975; x_wconf 82' lang='lat' dir='ltr'>llaec</span> <span class='ocrx_word' id='word_1_191' title='bbox 327 4938 376 4988; x_wconf 78' lang='lat' dir='ltr'>ego</span> <span class='ocrx_word' id='word_1_192' title='bbox 392 4923 527 4988; x_wconf 65' lang='lat' dir='ltr'>precinui,</span> <span class='ocrx_word' id='word_1_193' title='bbox 543 4926 644 4976; x_wconf 82' lang='lat' dir='ltr'>(livinus</span> <span class='ocrx_word' id='word_1_194' title='bbox 654 4927 760 4992; x_wconf 79' lang='lat' dir='ltr'><strong>scripsit</strong></span> <span class='ocrx_word' id='word_1_195' title='bbox 773 4929 912 4978; x_wconf 77' lang='lat' dir='ltr'>Homerus.</span> 
     </span>
    </p>
   </div>
   <div class='ocr_carea' id='block_1_23' title="bbox 531 5025 1011 5125">
    <p class='ocr_par' dir='ltr' id='par_1_23' title="bbox 531 5025 1011 5125">
     <span class='ocr_line' id='line_1_36' title="bbox 891 5025 1011 5061; baseline -0.008 0"><span class='ocrx_word' id='word_1_196' title='bbox 891 5025 918 5060; x_wconf 77' lang='lat' dir='ltr'>u.</span> <span class='ocrx_word' id='word_1_197' title='bbox 933 5025 1011 5061; x_wconf 77' lang='lat' dir='ltr'>onor.</span> 
     </span>
     <span class='ocr_line' id='line_1_37' title="bbox 531 5076 727 5125; baseline 0.005 -3"><span class='ocrx_word' id='word_1_198' title='bbox 531 5076 586 5122; x_wconf 81' lang='lat' dir='ltr'>l2l.</span> <span class='ocrx_word' id='word_1_199' title='bbox 605 5089 727 5125; x_wconf 77' lang='lat' dir='ltr'>esnensis.</span> 
     </span>
    </p>
   </div>
   <div class='ocr_carea' id='block_1_24' title="bbox 248 5162 825 5230">
    <p class='ocr_par' dir='ltr' id='par_1_24' title="bbox 248 5162 825 5230">
     <span class='ocr_line' id='line_1_38' title="bbox 248 5162 825 5230; baseline -0.003 -12"><span class='ocrx_word' id='word_1_200' title='bbox 248 5170 320 5219; x_wconf 80' lang='lat' dir='ltr'>ilhea</span> <span class='ocrx_word' id='word_1_201' title='bbox 342 5162 475 5215; x_wconf 83' lang='lat' dir='ltr'>beatorum</span> <span class='ocrx_word' id='word_1_202' title='bbox 489 5173 573 5214; x_wconf 79' lang='lat' dir='ltr'>nsoter</span> <span class='ocrx_word' id='word_1_203' title='bbox 584 5166 724 5230; x_wconf 74' lang='lat' dir='ltr'>reginaque</span> <span class='ocrx_word' id='word_1_204' title='bbox 739 5166 825 5216; x_wconf 83' lang='lat' dir='ltr'>dirum</span> 
     </span>
    </p>
   </div>
   <div class='ocr_carea' id='block_1_25' title="bbox 690 368 1364 431">
    <p class='ocr_par' dir='ltr' id='par_1_25' title="bbox 690 368 1364 431">
     <span class='ocr_line' id='line_1_39' title="bbox 690 368 1364 431; baseline 0.007 -5"><span class='ocrx_word' id='word_1_205' title='bbox 690 368 948 428; x_wconf 84' lang='lat' dir='ltr'><strong>ANTHOLOGIAE</strong></span> <span class='ocrx_word' id='word_1_206' title='bbox 970 368 1118 429; x_wconf 84' lang='lat' dir='ltr'>GllAEGAE</span> <span class='ocrx_word' id='word_1_207' title='bbox 1138 372 1364 431; x_wconf 79' lang='lat' dir='ltr'><strong>APPENDICIS</strong></span> 
     </span>
    </p>
   </div>
   <div class='ocr_carea' id='block_1_26' title="bbox 1055 507 1818 671">
    <p class='ocr_par' dir='ltr' id='par_1_26' title="bbox 1055 507 1818 671">
     <span class='ocr_line' id='line_1_40' title="bbox 1055 507 1818 592; baseline 0.005 -30"><span class='ocrx_word' id='word_1_208' title='bbox 1055 524 1109 562; x_wconf 89' lang='lat' dir='ltr'>non</span> <span class='ocrx_word' id='word_1_209' title='bbox 1128 507 1228 564; x_wconf 82' lang='lat' dir='ltr'>sontem</span> <span class='ocrx_word' id='word_1_210' title='bbox 1252 509 1420 592; x_wconf 66' lang='lat' dir='ltr'>loquentem</span> <span class='ocrx_word' id='word_1_211' title='bbox 1445 510 1580 566; x_wconf 84' lang='lat' dir='ltr'>exstincta</span> <span class='ocrx_word' id='word_1_212' title='bbox 1597 516 1681 564; x_wconf 86' lang='lat' dir='ltr'>estet</span> <span class='ocrx_word' id='word_1_213' title='bbox 1704 523 1818 582; x_wconf 76' lang='lat' dir='ltr'>garrula</span> 
     </span>
     <span class='ocr_line' id='line_1_41' title="bbox 1721 599 1816 671; baseline -0.011 -18"><span class='ocrx_word' id='word_1_214' title='bbox 1721 599 1816 671; x_wconf 85' lang='lat' dir='ltr'>[aqua.</span> 
     </span>
    </p>
   </div>
   <div class='ocr_carea' id='block_1_27' title="bbox 1149 744 1718 912">
    <p class='ocr_par' dir='ltr' id='par_1_27' title="bbox 1149 744 1718 912">
     <span class='ocr_line' id='line_1_42' title="bbox 1228 744 1648 802; baseline 0 -2"><span class='ocrx_word' id='word_1_215' title='bbox 1228 747 1287 802; x_wconf 74' lang='lat' dir='ltr'>tta.</span> <span class='ocrx_word' id='word_1_216' title='bbox 1307 744 1495 802; x_wconf 81' lang='lat' dir='ltr'>APOLLINIS</span> <span class='ocrx_word' id='word_1_217' title='bbox 1514 745 1648 801; x_wconf 77' lang='lat' dir='ltr'>ultusss</span> 
     </span>
     <span class='ocr_line' id='line_1_43' title="bbox 1149 833 1718 912; baseline 0 -24"><span class='ocrx_word' id='word_1_218' title='bbox 1149 833 1222 889; x_wconf 82' lang='lat' dir='ltr'>AUT</span> <span class='ocrx_word' id='word_1_219' title='bbox 1243 833 1408 890; x_wconf 85' lang='lat' dir='ltr'><strong>DIDYMAEI</strong></span> <span class='ocrx_word' id='word_1_220' title='bbox 1430 835 1466 890; x_wconf 89' lang='lat' dir='ltr'>IN</span> <span class='ocrx_word' id='word_1_221' title='bbox 1487 833 1718 912; x_wconf 80' lang='lat' dir='ltr'>BRANGHIDIS.</span> 
     </span>
    </p>
   </div>
   <div class='ocr_carea' id='block_1_28' title="bbox 1351 939 1507 1005">
    <p class='ocr_par' dir='ltr' id='par_1_28' title="bbox 1351 939 1507 1005">
     <span class='ocr_line' id='line_1_44' title="bbox 1351 939 1507 1005; baseline 0 -15"><span class='ocrx_word' id='word_1_222' title='bbox 1351 942 1389 990; x_wconf 87' lang='lat' dir='ltr'>De</span> <span class='ocrx_word' id='word_1_223' title='bbox 1401 957 1428 991; x_wconf 88' lang='lat' dir='ltr'>se</span> <span class='ocrx_word' id='word_1_224' title='bbox 1441 939 1507 1005; x_wconf 89' lang='lat' dir='ltr'>ipso.</span> 
     </span>
    </p>
   </div>
   <div class='ocr_carea' id='block_1_29' title="bbox 1055 1063 1822 1139">
    <p class='ocr_par' dir='ltr' id='par_1_29' title="bbox 1055 1063 1822 1139">
     <span class='ocr_line' id='line_1_45' title="bbox 1055 1063 1822 1139; baseline -0.007 -17"><span class='ocrx_word' id='word_1_225' title='bbox 1055 1064 1191 1122; x_wconf 88' lang='lat' dir='ltr'>Canebam</span> <span class='ocrx_word' id='word_1_226' title='bbox 1214 1065 1323 1139; x_wconf 88' lang='lat' dir='ltr'>quidem</span> <span class='ocrx_word' id='word_1_227' title='bbox 1347 1083 1410 1138; x_wconf 85' lang='lat' dir='ltr'>ego,</span> <span class='ocrx_word' id='word_1_228' title='bbox 1432 1066 1481 1121; x_wconf 89' lang='lat' dir='ltr'>sed</span> <span class='ocrx_word' id='word_1_229' title='bbox 1508 1064 1682 1121; x_wconf 82' lang='lat' dir='ltr'>exscribebat</span> <span class='ocrx_word' id='word_1_230' title='bbox 1708 1063 1822 1118; x_wconf 86' lang='lat' dir='ltr'>divinus</span> 
     </span>
    </p>
   </div>
   <div class='ocr_carea' id='block_1_30' title="bbox 1318 1153 1822 1281">
    <p class='ocr_par' dir='ltr' id='par_1_30' title="bbox 1318 1153 1822 1281">
     <span class='ocr_line' id='line_1_46' title="bbox 1318 1153 1822 1226; baseline 0 -18"><span class='ocrx_word' id='word_1_231' title='bbox 1318 1215 1320 1220; x_wconf 86' lang='lat'><em>.</em></span> <span class='ocrx_word' id='word_1_232' title='bbox 1671 1153 1822 1226; x_wconf 83' lang='lat' dir='ltr'>[Homerus</span> 
     </span>
     <span class='ocr_line' id='line_1_47' title="bbox 1318 1227 1546 1281; baseline 0.009 -2"><span class='ocrx_word' id='word_1_233' title='bbox 1318 1227 1377 1281; x_wconf 75' lang='lat' dir='ltr'>tut.</span> <span class='ocrx_word' id='word_1_234' title='bbox 1398 1234 1546 1281; x_wconf 75' lang='lat' dir='ltr'>nrusnnu.</span> 
     </span>
    </p>
   </div>
   <div class='ocr_carea' id='block_1_31' title="bbox 1054 1354 1780 1428">
    <p class='ocr_par' dir='ltr' id='par_1_31' title="bbox 1054 1354 1780 1428">
     <span class='ocr_line' id='line_1_48' title="bbox 1054 1354 1780 1428; baseline -0.003 -16"><span class='ocrx_word' id='word_1_235' title='bbox 1054 1355 1136 1412; x_wconf 85' lang='lat' dir='ltr'>Matri</span> <span class='ocrx_word' id='word_1_236' title='bbox 1148 1355 1257 1428; x_wconf 87' lang='lat' dir='ltr'>quidem</span> <span class='ocrx_word' id='word_1_237' title='bbox 1271 1356 1384 1413; x_wconf 87' lang='lat' dir='ltr'>deorum</span> <span class='ocrx_word' id='word_1_238' title='bbox 1396 1373 1467 1412; x_wconf 79' lang='lat' dir='ltr'>cure</span> <span class='ocrx_word' id='word_1_239' title='bbox 1482 1363 1545 1411; x_wconf 89' lang='lat' dir='ltr'>sunt</span> <span class='ocrx_word' id='word_1_240' title='bbox 1559 1355 1677 1412; x_wconf 87' lang='lat' dir='ltr'>Titanidi</span> <span class='ocrx_word' id='word_1_241' title='bbox 1692 1354 1780 1410; x_wconf 78' lang='lat' dir='ltr'>Rbeae</span> 
     </span>
    </p>
   </div>
   <div class='ocr_carea' id='block_1_32' title="bbox 1054 1442 1937 1517">
    <p class='ocr_par' dir='ltr' id='par_1_32' title="bbox 1054 1442 1937 1517">
     <span class='ocr_line' id='line_1_49' title="bbox 1054 1442 1937 1517; baseline -0.001 -18"><span class='ocrx_word' id='word_1_242' title='bbox 1054 1442 1128 1499; x_wconf 81' lang='lat' dir='ltr'>tibias</span> <span class='ocrx_word' id='word_1_243' title='bbox 1144 1451 1172 1500; x_wconf 89' lang='lat' dir='ltr'>et</span> <span class='ocrx_word' id='word_1_244' title='bbox 1188 1450 1377 1517; x_wconf 80' lang='lat' dir='ltr'>tympanorum</span> <span class='ocrx_word' id='word_1_245' title='bbox 1395 1443 1537 1517; x_wconf 88' lang='lat' dir='ltr'>strepitus,</span> <span class='ocrx_word' id='word_1_246' title='bbox 1555 1452 1583 1500; x_wconf 89' lang='lat' dir='ltr'>et</span> <span class='ocrx_word' id='word_1_247' title='bbox 1599 1443 1742 1499; x_wconf 86' lang='lat' dir='ltr'>foemineus</span> <span class='ocrx_word' id='word_1_248' title='bbox 1765 1459 1821 1498; x_wconf 84' lang='lat' dir='ltr'>coe·</span> <span class='ocrx_word' id='word_1_249' title='bbox 1936 1449 1937 1458; x_wconf 66' lang='lat'>‘</span> 
     </span>
    </p>
   </div>
   <div class='ocr_carea' id='block_1_33' title="bbox 1055 1528 1886 1775">
    <p class='ocr_par' dir='ltr' id='par_1_33' title="bbox 1055 1528 1886 1775">
     <span class='ocr_line' id='line_1_50' title="bbox 1055 1528 1886 1690; baseline -0.004 -18"><span class='ocrx_word' id='word_1_250' title='bbox 1055 1617 1159 1672; x_wconf 81' lang='lat' dir='ltr'>Palladi</span> <span class='ocrx_word' id='word_1_251' title='bbox 1181 1625 1271 1674; x_wconf 88' lang='lat' dir='ltr'>aulem</span> <span class='ocrx_word' id='word_1_252' title='bbox 1293 1617 1489 1690; x_wconf 77' lang='lat' dir='ltr'>bene-galeato</span> <span class='ocrx_word' id='word_1_253' title='bbox 1512 1617 1644 1673; x_wconf 90' lang='lat' dir='ltr'>tumultus</span> <span class='ocrx_word' id='word_1_254' title='bbox 1678 1623 1706 1672; x_wconf 90' lang='lat' dir='ltr'>et</span> <span class='ocrx_word' id='word_1_255' title='bbox 1725 1528 1822 1688; x_wconf 53' lang='grc' dir='ltr'>μθθέιειά</span> <span class='ocrx_word' id='word_1_256' title='bbox 1882 1659 1886 1664; x_wconf 98' lang='grc'>.</span> 
     </span>
     <span class='ocr_line' id='line_1_51' title="bbox 1670 1703 1820 1775; baseline 0 -17"><span class='ocrx_word' id='word_1_257' title='bbox 1670 1703 1801 1775; x_wconf 74' lang='lat' dir='ltr'>[Bellonae</span> <span class='ocrx_word' id='word_1_258' title='bbox 1812 1720 1820 1766; x_wconf 89' lang='lat'>;</span> 
     </span>
    </p>
   </div>
   <div class='ocr_carea' id='block_1_34' title="bbox 1056 1791 1938 1866">
    <p class='ocr_par' dir='ltr' id='par_1_34' title="bbox 1056 1791 1938 1866">
     <span class='ocr_line' id='line_1_52' title="bbox 1056 1791 1938 1866; baseline -0.003 -18"><span class='ocrx_word' id='word_1_259' title='bbox 1056 1797 1084 1848; x_wconf 85' lang='lat' dir='ltr'>et</span> <span class='ocrx_word' id='word_1_260' title='bbox 1097 1791 1180 1848; x_wconf 79' lang='lat' dir='ltr'>variis</span> <span class='ocrx_word' id='word_1_261' title='bbox 1195 1793 1250 1866; x_wconf 83' lang='lat' dir='ltr'>(seu</span> <span class='ocrx_word' id='word_1_262' title='bbox 1263 1793 1410 1865; x_wconf 82' lang='lat' dir='ltr'>velocibus)</span> <span class='ocrx_word' id='word_1_263' title='bbox 1424 1793 1521 1849; x_wconf 87' lang='lat' dir='ltr'>catulis</span> <span class='ocrx_word' id='word_1_264' title='bbox 1536 1791 1822 1865; x_wconf 87' lang='lat' dir='ltr'>altas-rupes-haben·</span> <span class='ocrx_word' id='word_1_265' title='bbox 1937 1845 1938 1866; x_wconf 39' lang='grc' dir='ltr'>γ</span> 
     </span>
    </p>
   </div>
   <div class='ocr_carea' id='block_1_35' title="bbox 1056 1878 1824 2489">
    <p class='ocr_par' dir='ltr' id='par_1_35' title="bbox 1554 1878 1820 1953">
     <span class='ocr_line' id='line_1_53' title="bbox 1554 1878 1820 1953; baseline -0.015 -17"><span class='ocrx_word' id='word_1_266' title='bbox 1554 1881 1604 1951; x_wconf 85' lang='lat' dir='ltr'>[tia</span> <span class='ocrx_word' id='word_1_267' title='bbox 1618 1897 1668 1953; x_wconf 88' lang='lat' dir='ltr'>per</span> <span class='ocrx_word' id='word_1_268' title='bbox 1679 1878 1820 1934; x_wconf 74' lang='lat' dir='ltr'>cacumine</span> 
     </span>
    </p>

    <p class='ocr_par' dir='ltr' id='par_1_36' title="bbox 1056 1965 1822 2136">
     <span class='ocr_line' id='line_1_54' title="bbox 1056 1965 1821 2042; baseline -0.005 -18"><span class='ocrx_word' id='word_1_269' title='bbox 1056 1968 1130 2024; x_wconf 80' lang='lat' dir='ltr'>feras</span> <span class='ocrx_word' id='word_1_270' title='bbox 1150 1967 1179 2023; x_wconf 90' lang='lat' dir='ltr'>in</span> <span class='ocrx_word' id='word_1_271' title='bbox 1192 1967 1486 2041; x_wconf 79' lang='lat' dir='ltr'>montibuspascentes</span> <span class='ocrx_word' id='word_1_272' title='bbox 1500 1968 1605 2042; x_wconf 83' lang='lat' dir='ltr'>agitare</span> <span class='ocrx_word' id='word_1_273' title='bbox 1630 1966 1751 2023; x_wconf 79' lang='lat' dir='ltr'>Latoniae</span> <span class='ocrx_word' id='word_1_274' title='bbox 1765 1965 1821 2022; x_wconf 80' lang='lat' dir='ltr'>vir·</span> 
     </span>
     <span class='ocr_line' id='line_1_55' title="bbox 1726 2061 1822 2136; baseline -0.021 -17"><span class='ocrx_word' id='word_1_275' title='bbox 1726 2061 1797 2136; x_wconf 85' lang='lat' dir='ltr'>[gini</span> <span class='ocrx_word' id='word_1_276' title='bbox 1813 2081 1822 2117; x_wconf 93' lang='lat'><strong>:</strong></span> 
     </span>
    </p>

    <p class='ocr_par' dir='ltr' id='par_1_37' title="bbox 1057 2150 1822 2293">
     <span class='ocr_line' id='line_1_56' title="bbox 1057 2150 1822 2292; baseline -0.012 -78"><span class='ocrx_word' id='word_1_277' title='bbox 1057 2155 1157 2214; x_wconf 81' lang='lat' dir='ltr'>lunoni</span> <span class='ocrx_word' id='word_1_278' title='bbox 1165 2161 1255 2213; x_wconf 89' lang='lat' dir='ltr'>autem</span> <span class='ocrx_word' id='word_1_279' title='bbox 1267 2153 1460 2213; x_wconf 84' lang='lat' dir='ltr'>bene-sonanti</span> <span class='ocrx_word' id='word_1_280' title='bbox 1471 2153 1558 2212; x_wconf 90' lang='lat' dir='ltr'>mollis</span> <span class='ocrx_word' id='word_1_281' title='bbox 1564 2153 1634 2210; x_wconf 84' lang='lat' dir='ltr'>lusio</span> <span class='ocrx_word' id='word_1_282' title='bbox 1649 2151 1720 2210; x_wconf 84' lang='lat' dir='ltr'>aeris</span> <span class='ocrx_word' id='word_1_283' title='bbox 1734 2150 1822 2292; x_wconf 75' lang='lat' dir='ltr'>happi-</span> 
     </span>
     <span class='ocr_line' id='line_1_57' title="bbox 1797 2256 1821 2293; baseline 0 -25"><span class='ocrx_word' id='word_1_284' title='bbox 1797 2256 1821 2293; x_wconf 64' lang='lat'>1.</span> 
     </span>
    </p>

    <p class='ocr_par' dir='ltr' id='par_1_38' title="bbox 1058 2239 1824 2489">
     <span class='ocr_line' id='line_1_58' title="bbox 1058 2239 1822 2406; baseline -0.012 -17"><span class='ocrx_word' id='word_1_285' title='bbox 1058 2341 1087 2389; x_wconf 92' lang='lat' dir='ltr'>at</span> <span class='ocrx_word' id='word_1_286' title='bbox 1105 2339 1226 2406; x_wconf 76' lang='lat' dir='ltr'>segetem</span> <span class='ocrx_word' id='word_1_287' title='bbox 1245 2332 1491 2388; x_wconf 77' lang='lat' dir='ltr'>benecrescentcm</span> <span class='ocrx_word' id='word_1_288' title='bbox 1509 2329 1613 2387; x_wconf 90' lang='lat' dir='ltr'>nutrire</span> <span class='ocrx_word' id='word_1_289' title='bbox 1623 2239 1822 2384; x_wconf 52' lang='lat' dir='ltr'>assistebas</span> 
     </span>
     <span class='ocr_line' id='line_1_59' title="bbox 1635 2413 1824 2489; baseline -0.021 -17"><span class='ocrx_word' id='word_1_290' title='bbox 1635 2419 1699 2489; x_wconf 86' lang='lat' dir='ltr'>[tem</span> <span class='ocrx_word' id='word_1_291' title='bbox 1714 2413 1824 2480; x_wconf 87' lang='lat' dir='ltr'>Cereri;</span> 
     </span>
    </p>
   </div>
   <div class='ocr_carea' id='block_1_36' title="bbox 1058 2509 1716 2585">
    <p class='ocr_par' dir='ltr' id='par_1_39' title="bbox 1058 2509 1716 2585">
     <span class='ocr_line' id='line_1_60' title="bbox 1058 2509 1716 2585; baseline -0.012 -13"><span class='ocrx_word' id='word_1_292' title='bbox 1058 2513 1124 2572; x_wconf 89' lang='lat' dir='ltr'>Isidi</span> <span class='ocrx_word' id='word_1_293' title='bbox 1138 2531 1203 2570; x_wconf 83' lang='lat' dir='ltr'>vero</span> <span class='ocrx_word' id='word_1_294' title='bbox 1217 2513 1324 2570; x_wconf 79' lang='lat' dir='ltr'>Phariae</span> <span class='ocrx_word' id='word_1_295' title='bbox 1336 2513 1416 2585; x_wconf 83' lang='lat' dir='ltr'>juxta</span> <span class='ocrx_word' id='word_1_296' title='bbox 1431 2511 1531 2568; x_wconf 82' lang='lat' dir='ltr'>fertilia</span> <span class='ocrx_word' id='word_1_297' title='bbox 1544 2512 1647 2566; x_wconf 89' lang='lat' dir='ltr'>lluenta</span> <span class='ocrx_word' id='word_1_298' title='bbox 1661 2509 1716 2566; x_wconf 91' lang='lat' dir='ltr'>Nili</span> 
     </span>
    </p>
   </div>
   <div class='ocr_carea' id='block_1_37' title="bbox 1048 2597 1940 2757">
    <p class='ocr_par' dir='ltr' id='par_1_40' title="bbox 1048 2597 1940 2757">
     <span class='ocr_line' id='line_1_61' title="bbox 1048 2597 1825 2675; baseline -0.009 -18"><span class='ocrx_word' id='word_1_299' title='bbox 1048 2619 1181 2675; x_wconf 58' lang='lat' dir='ltr'>,quarere</span> <span class='ocrx_word' id='word_1_300' title='bbox 1200 2601 1413 2657; x_wconf 88' lang='lat' dir='ltr'>cum-luroribus</span> <span class='ocrx_word' id='word_1_301' title='bbox 1432 2617 1510 2654; x_wconf 84' lang='lat' dir='ltr'>suum</span> <span class='ocrx_word' id='word_1_302' title='bbox 1530 2599 1656 2655; x_wconf 85' lang='lat' dir='ltr'>maritum</span> <span class='ocrx_word' id='word_1_303' title='bbox 1676 2597 1825 2652; x_wconf 87' lang='lat' dir='ltr'>delicatum</span> 
     </span>
     <span class='ocr_line' id='line_1_62' title="bbox 1702 2683 1940 2757; baseline -0.017 -16"><span class='ocrx_word' id='word_1_304' title='bbox 1702 2683 1825 2757; x_wconf 87' lang='lat' dir='ltr'>[Osirim.</span> <span class='ocrx_word' id='word_1_305' title='bbox 1939 2703 1940 2710; x_wconf 50' lang='lat'>¹</span> 
     </span>
    </p>
   </div>
   <div class='ocr_carea' id='block_1_38' title="bbox 1325 2761 1549 2816">
    <p class='ocr_par' dir='ltr' id='par_1_41' title="bbox 1325 2761 1549 2816">
     <span class='ocr_line' id='line_1_63' title="bbox 1325 2761 1549 2816; baseline -0.009 -2"><span class='ocrx_word' id='word_1_306' title='bbox 1325 2761 1383 2816; x_wconf 76' lang='lat'><strong>¹25.</strong></span> <span class='ocrx_word' id='word_1_307' title='bbox 1403 2767 1549 2812; x_wconf 65' lang='lat' dir='ltr'>subsonis.</span> 
     </span>
    </p>
   </div>
   <div class='ocr_carea' id='block_1_39' title="bbox 1060 2883 1828 3227">
    <p class='ocr_par' dir='ltr' id='par_1_42' title="bbox 1060 2883 1828 3048">
     <span class='ocr_line' id='line_1_64' title="bbox 1060 2883 1828 2961; baseline -0.013 -12"><span class='ocrx_word' id='word_1_308' title='bbox 1060 2891 1183 2949; x_wconf 87' lang='lat' dir='ltr'>Mortalis</span> <span class='ocrx_word' id='word_1_309' title='bbox 1202 2897 1262 2948; x_wconf 87' lang='lat' dir='ltr'>erat</span> <span class='ocrx_word' id='word_1_310' title='bbox 1280 2891 1429 2947; x_wconf 85' lang='lat' dir='ltr'>secundum</span> <span class='ocrx_word' id='word_1_311' title='bbox 1447 2907 1566 2953; x_wconf 87' lang='lat' dir='ltr'>carnem,</span> <span class='ocrx_word' id='word_1_312' title='bbox 1592 2885 1703 2961; x_wconf 88' lang='lat' dir='ltr'>sapiens</span> <span class='ocrx_word' id='word_1_313' title='bbox 1731 2883 1828 2959; x_wconf 90' lang='lat' dir='ltr'>prodi-</span> 
     </span>
     <span class='ocr_line' id='line_1_65' title="bbox 1574 2972 1828 3048; baseline -0.02 -18"><span class='ocrx_word' id='word_1_314' title='bbox 1574 2972 1672 3048; x_wconf 87' lang='lat' dir='ltr'>[giosis</span> <span class='ocrx_word' id='word_1_315' title='bbox 1684 2972 1828 3046; x_wconf 86' lang='lat' dir='ltr'>operibus,</span> 
     </span>
    </p>

    <p class='ocr_par' dir='ltr' id='par_1_43' title="bbox 1061 3063 1673 3137">
     <span class='ocr_line' id='line_1_66' title="bbox 1061 3063 1673 3137; baseline -0.011 -14"><span class='ocrx_word' id='word_1_316' title='bbox 1061 3067 1109 3124; x_wconf 88' lang='lat' dir='ltr'>scd</span> <span class='ocrx_word' id='word_1_317' title='bbox 1123 3067 1157 3122; x_wconf 91' lang='lat' dir='ltr'>ab</span> <span class='ocrx_word' id='word_1_318' title='bbox 1171 3065 1305 3123; x_wconf 81' lang='lat' dir='ltr'>Cbaldseis</span> <span class='ocrx_word' id='word_1_319' title='bbox 1317 3064 1455 3137; x_wconf 89' lang='lat' dir='ltr'>judicibus</span> <span class='ocrx_word' id='word_1_320' title='bbox 1470 3063 1552 3119; x_wconf 89' lang='lat' dir='ltr'>armis</span> <span class='ocrx_word' id='word_1_321' title='bbox 1566 3069 1673 3135; x_wconf 89' lang='lat' dir='ltr'>captus,</span> 
     </span>
    </p>

    <p class='ocr_par' dir='ltr' id='par_1_44' title="bbox 1061 3153 1674 3227">
     <span class='ocr_line' id='line_1_67' title="bbox 1061 3153 1674 3227; baseline -0.011 -16"><span class='ocrx_word' id='word_1_322' title='bbox 1061 3155 1145 3212; x_wconf 88' lang='lat' dir='ltr'>clavis</span> <span class='ocrx_word' id='word_1_323' title='bbox 1160 3163 1187 3211; x_wconf 90' lang='lat' dir='ltr'>ct</span> <span class='ocrx_word' id='word_1_324' title='bbox 1202 3157 1263 3227; x_wconf 89' lang='lat' dir='ltr'>palo</span> <span class='ocrx_word' id='word_1_325' title='bbox 1277 3153 1401 3209; x_wconf 88' lang='lat' dir='ltr'>acerbam</span> <span class='ocrx_word' id='word_1_326' title='bbox 1412 3153 1536 3210; x_wconf 80' lang='lat' dir='ltr'>toleravit</span> <span class='ocrx_word' id='word_1_327' title='bbox 1551 3159 1674 3206; x_wconf 90' lang='lat' dir='ltr'>mortem.</span> 
     </span>
    </p>
   </div>
   <div class='ocr_carea' id='block_1_40' title="bbox 1292 3307 1602 3460">
    <p class='ocr_par' dir='ltr' id='par_1_45' title="bbox 1292 3307 1602 3460">
     <span class='ocr_line' id='line_1_68' title="bbox 1327 3307 1553 3358; baseline -0.004 0"><span class='ocrx_word' id='word_1_328' title='bbox 1327 3307 1385 3358; x_wconf 68' lang='grc' dir='ltr'>ῖῖθ.</span> <span class='ocrx_word' id='word_1_329' title='bbox 1406 3311 1553 3357; x_wconf 70' lang='grc' dir='ltr'>ΕόῑύὸὓΕΜ.</span> 
     </span>
     <span class='ocr_line' id='line_1_69' title="bbox 1292 3408 1602 3460; baseline -0.016 0"><span class='ocrx_word' id='word_1_330' title='bbox 1292 3408 1602 3460; x_wconf 54' lang='lat' dir='ltr'>fflm-fflmm</span> 
     </span>
    </p>
   </div>
   <div class='ocr_carea' id='block_1_41' title="bbox 1063 3536 1832 3611">
    <p class='ocr_par' dir='ltr' id='par_1_46' title="bbox 1063 3536 1832 3611">
     <span class='ocr_line' id='line_1_70' title="bbox 1063 3536 1832 3611; baseline -0.012 -16"><span class='ocrx_word' id='word_1_331' title='bbox 1063 3538 1161 3595; x_wconf 79' lang='lat' dir='ltr'>Anima</span> <span class='ocrx_word' id='word_1_332' title='bbox 1172 3537 1281 3610; x_wconf 89' lang='lat' dir='ltr'>quidem</span> <span class='ocrx_word' id='word_1_333' title='bbox 1291 3538 1381 3611; x_wconf 90' lang='lat' dir='ltr'>quoad</span> <span class='ocrx_word' id='word_1_334' title='bbox 1391 3536 1505 3594; x_wconf 86' lang='lat' dir='ltr'>vinculis</span> <span class='ocrx_word' id='word_1_335' title='bbox 1513 3553 1573 3594; x_wconf 87' lang='lat' dir='ltr'>cum</span> <span class='ocrx_word' id='word_1_336' title='bbox 1581 3551 1696 3608; x_wconf 89' lang='lat' dir='ltr'>corpore</span> <span class='ocrx_word' id='word_1_337' title='bbox 1706 3537 1832 3596; x_wconf 77' lang='lat' dir='ltr'>tenetur,</span> 
     </span>
    </p>
   </div>
   <div class='ocr_carea' id='block_1_42' title="bbox 1063 3617 1833 3781">
    <p class='ocr_par' dir='ltr' id='par_1_47' title="bbox 1063 3617 1833 3781">
     <span class='ocr_line' id='line_1_71' title="bbox 1063 3617 1833 3760; baseline -0.01 -78"><span class='ocrx_word' id='word_1_338' title='bbox 1063 3623 1254 3698; x_wconf 86' lang='lat' dir='ltr'>corruptibiles</span> <span class='ocrx_word' id='word_1_339' title='bbox 1268 3624 1389 3682; x_wconf 90' lang='lat' dir='ltr'>sentiens</span> <span class='ocrx_word' id='word_1_340' title='bbox 1410 3623 1562 3699; x_wconf 73' lang='lat' dir='ltr'>passiones,</span> <span class='ocrx_word' id='word_1_341' title='bbox 1578 3621 1739 3678; x_wconf 79' lang='lat' dir='ltr'>mortalibus</span> <span class='ocrx_word' id='word_1_342' title='bbox 1754 3617 1833 3760; x_wconf 60' lang='lat' dir='ltr'>dple-</span> 
     </span>
     <span class='ocr_line' id='line_1_72' title="bbox 1640 3706 1830 3781; baseline -0.005 -18"><span class='ocrx_word' id='word_1_343' title='bbox 1640 3709 1727 3781; x_wconf 92' lang='lat' dir='ltr'>[ribus</span> <span class='ocrx_word' id='word_1_344' title='bbox 1742 3723 1772 3761; x_wconf 90' lang='lat' dir='ltr'>ce</span> <span class='ocrx_word' id='word_1_345' title='bbox 1797 3706 1830 3762; x_wconf 88' lang='lat' dir='ltr'>it.</span> 
     </span>
    </p>
   </div>
   <div class='ocr_carea' id='block_1_43' title="bbox 1062 3799 1835 4233">
    <p class='ocr_par' dir='ltr' id='par_1_48' title="bbox 1062 3799 1833 4049">
     <span class='ocr_line' id='line_1_73' title="bbox 1062 3799 1833 3871; baseline -0.013 -14"><span class='ocrx_word' id='word_1_346' title='bbox 1062 3800 1129 3857; x_wconf 90' lang='lat' dir='ltr'>Cum</span> <span class='ocrx_word' id='word_1_347' title='bbox 1136 3817 1200 3856; x_wconf 86' lang='lat' dir='ltr'>vero</span> <span class='ocrx_word' id='word_1_348' title='bbox 1208 3799 1369 3857; x_wconf 88' lang='lat' dir='ltr'>solutionem</span> <span class='ocrx_word' id='word_1_349' title='bbox 1378 3800 1523 3855; x_wconf 88' lang='lat' dir='ltr'>humanam</span> <span class='ocrx_word' id='word_1_350' title='bbox 1536 3805 1599 3871; x_wconf 90' lang='lat' dir='ltr'>post</span> <span class='ocrx_word' id='word_1_351' title='bbox 1606 3813 1705 3869; x_wconf 91' lang='lat' dir='ltr'>corpus</span> <span class='ocrx_word' id='word_1_352' title='bbox 1713 3811 1833 3866; x_wconf 87' lang='lat' dir='ltr'>corrup·</span> 
     </span>
     <span class='ocr_line' id='line_1_74' title="bbox 1063 3885 1833 3955; baseline -0.012 -10"><span class='ocrx_word' id='word_1_353' title='bbox 1063 3888 1228 3945; x_wconf 85' lang='lat' dir='ltr'>celerrimam</span> <span class='ocrx_word' id='word_1_354' title='bbox 1241 3887 1383 3951; x_wconf 85' lang='lat' dir='ltr'>invenerit.</span> <span class='ocrx_word' id='word_1_355' title='bbox 1398 3887 1426 3943; x_wconf 92' lang='lat' dir='ltr'>in</span> <span class='ocrx_word' id='word_1_356' title='bbox 1435 3888 1539 3944; x_wconf 76' lang='lat' dir='ltr'>ethera</span> <span class='ocrx_word' id='word_1_357' title='bbox 1548 3885 1636 3942; x_wconf 88' lang='lat' dir='ltr'>omnis</span> <span class='ocrx_word' id='word_1_358' title='bbox 1647 3885 1742 3950; x_wconf 81' lang='lat' dir='ltr'>fertur,</span> <span class='ocrx_word' id='word_1_359' title='bbox 1759 3885 1833 3955; x_wconf 88' lang='lat' dir='ltr'>[tum</span> 
     </span>
     <span class='ocr_line' id='line_1_75' title="bbox 1063 3972 1833 4049; baseline -0.012 -17"><span class='ocrx_word' id='word_1_360' title='bbox 1063 3993 1173 4049; x_wconf 85' lang='lat' dir='ltr'>semper</span> <span class='ocrx_word' id='word_1_361' title='bbox 1191 3976 1462 4049; x_wconf 74' lang='lat' dir='ltr'>senectutisexpers,</span> <span class='ocrx_word' id='word_1_362' title='bbox 1485 3982 1629 4046; x_wconf 87' lang='lat' dir='ltr'>manetque</span> <span class='ocrx_word' id='word_1_363' title='bbox 1646 3972 1673 4027; x_wconf 92' lang='lat' dir='ltr'>in</span> <span class='ocrx_word' id='word_1_364' title='bbox 1696 3978 1833 4026; x_wconf 75' lang='lat' dir='ltr'>eternum</span> 
     </span>
    </p>

    <p class='ocr_par' dir='ltr' id='par_1_49' title="bbox 1062 4059 1835 4233">
     <span class='ocr_line' id='line_1_76' title="bbox 1655 4059 1835 4132; baseline -0.017 -17"><span class='ocrx_word' id='word_1_365' title='bbox 1655 4059 1835 4132; x_wconf 80' lang='lat' dir='ltr'>[sine-poenn.</span> 
     </span>
     <span class='ocr_line' id='line_1_77' title="bbox 1062 4153 1820 4233; baseline -0.011 -18"><span class='ocrx_word' id='word_1_366' title='bbox 1062 4159 1252 4233; x_wconf 88' lang='lat' dir='ltr'>Primogenita</span> <span class='ocrx_word' id='word_1_367' title='bbox 1266 4159 1337 4215; x_wconf 87' lang='lat' dir='ltr'>enim</span> <span class='ocrx_word' id='word_1_368' title='bbox 1354 4160 1407 4216; x_wconf 92' lang='lat' dir='ltr'>hoc</span> <span class='ocrx_word' id='word_1_369' title='bbox 1422 4157 1464 4214; x_wconf 90' lang='lat' dir='ltr'>dei</span> <span class='ocrx_word' id='word_1_370' title='bbox 1480 4157 1617 4231; x_wconf 89' lang='lat' dir='ltr'>disposuit</span> <span class='ocrx_word' id='word_1_371' title='bbox 1631 4153 1820 4229; x_wconf 84' lang='lat' dir='ltr'>providentia.</span> 
     </span>
    </p>
   </div>
   <div class='ocr_carea' id='block_1_44' title="bbox 1065 4385 1786 4957">
    <p class='ocr_par' dir='ltr' id='par_1_50' title="bbox 1065 4385 1786 4871">
     <span class='ocr_line' id='line_1_78' title="bbox 1066 4385 1730 4454; baseline -0.008 -14"><span class='ocrx_word' id='word_1_372' title='bbox 1066 4389 1201 4440; x_wconf 82' lang='lat' dir='ltr'>loemineos</span> <span class='ocrx_word' id='word_1_373' title='bbox 1216 4397 1307 4448; x_wconf 77' lang='lat' dir='ltr'>coslus.</span> <span class='ocrx_word' id='word_1_374' title='bbox 1323 4391 1470 4454; x_wconf 75' lang='lat' dir='ltr'>bustumque</span> <span class='ocrx_word' id='word_1_375' title='bbox 1485 4397 1511 4438; x_wconf 89' lang='lat' dir='ltr'>et</span> <span class='ocrx_word' id='word_1_376' title='bbox 1522 4385 1623 4438; x_wconf 82' lang='lat' dir='ltr'>vocalia</span> <span class='ocrx_word' id='word_1_377' title='bbox 1636 4393 1730 4437; x_wconf 77' lang='lat' dir='ltr'>tractat</span> 
     </span>
     <span class='ocr_line' id='line_1_79' title="bbox 1066 4471 1753 4544; baseline -0.007 -21"><span class='ocrx_word' id='word_1_378' title='bbox 1066 4483 1202 4537; x_wconf 76' lang='lat' dir='ltr'>tympana;</span> <span class='ocrx_word' id='word_1_379' title='bbox 1218 4473 1346 4544; x_wconf 82' lang='lat' dir='ltr'>bellorum</span> <span class='ocrx_word' id='word_1_380' title='bbox 1359 4473 1477 4522; x_wconf 80' lang='lat' dir='ltr'>fremitus</span> <span class='ocrx_word' id='word_1_381' title='bbox 1491 4487 1634 4537; x_wconf 75' lang='lat' dir='ltr'>pugnasque</span> <span class='ocrx_word' id='word_1_382' title='bbox 1649 4471 1753 4520; x_wconf 84' lang='lat' dir='ltr'>labores</span> 
     </span>
     <span class='ocr_line' id='line_1_80' title="bbox 1067 4552 1697 4620; baseline -0.006 -15"><span class='ocrx_word' id='word_1_383' title='bbox 1067 4557 1155 4607; x_wconf 83' lang='lat' dir='ltr'>Pallas</span> <span class='ocrx_word' id='word_1_384' title='bbox 1166 4563 1251 4617; x_wconf 87' lang='lat' dir='ltr'>amat;</span> <span class='ocrx_word' id='word_1_385' title='bbox 1264 4555 1363 4620; x_wconf 88' lang='lat' dir='ltr'>rapidis</span> <span class='ocrx_word' id='word_1_386' title='bbox 1377 4555 1486 4606; x_wconf 87' lang='lat' dir='ltr'>canibus</span> <span class='ocrx_word' id='word_1_387' title='bbox 1499 4555 1610 4605; x_wconf 86' lang='lat' dir='ltr'>Latonia</span> <span class='ocrx_word' id='word_1_388' title='bbox 1624 4552 1697 4617; x_wconf 85' lang='lat' dir='ltr'>virgo</span> 
     </span>
     <span class='ocr_line' id='line_1_81' title="bbox 1066 4637 1786 4707; baseline -0.008 -16"><span class='ocrx_word' id='word_1_389' title='bbox 1066 4640 1214 4707; x_wconf 83' lang='lat' dir='ltr'>praecipites</span> <span class='ocrx_word' id='word_1_390' title='bbox 1226 4641 1343 4706; x_wconf 86' lang='lat' dir='ltr'>sequitur</span> <span class='ocrx_word' id='word_1_391' title='bbox 1357 4655 1405 4705; x_wconf 94' lang='lat' dir='ltr'>per</span> <span class='ocrx_word' id='word_1_392' title='bbox 1418 4655 1520 4690; x_wconf 86' lang='lat' dir='ltr'>summa</span> <span class='ocrx_word' id='word_1_393' title='bbox 1533 4637 1670 4689; x_wconf 86' lang='lat' dir='ltr'>cacumina</span> <span class='ocrx_word' id='word_1_394' title='bbox 1682 4651 1786 4686; x_wconf 79' lang='lat' dir='ltr'>cervos.</span> 
     </span>
     <span class='ocr_line' id='line_1_82' title="bbox 1065 4721 1682 4775; baseline -0.006 -1"><span class='ocrx_word' id='word_1_395' title='bbox 1065 4723 1102 4774; x_wconf 78' lang='lat' dir='ltr'>At</span> <span class='ocrx_word' id='word_1_396' title='bbox 1112 4738 1239 4775; x_wconf 85' lang='lat' dir='ltr'>resonans</span> <span class='ocrx_word' id='word_1_397' title='bbox 1249 4725 1318 4774; x_wconf 79' lang='lat' dir='ltr'>luno</span> <span class='ocrx_word' id='word_1_398' title='bbox 1330 4723 1423 4773; x_wconf 86' lang='lat' dir='ltr'>molles</span> <span class='ocrx_word' id='word_1_399' title='bbox 1437 4740 1451 4773; x_wconf 93' lang='lat' dir='ltr'>e</span> <span class='ocrx_word' id='word_1_400' title='bbox 1463 4723 1575 4772; x_wconf 87' lang='lat' dir='ltr'>nubibus</span> <span class='ocrx_word' id='word_1_401' title='bbox 1586 4721 1682 4771; x_wconf 88' lang='lat' dir='ltr'>imbres</span> 
     </span>
     <span class='ocr_line' id='line_1_83' title="bbox 1067 4806 1679 4871; baseline -0.005 -14"><span class='ocrx_word' id='word_1_402' title='bbox 1067 4807 1188 4868; x_wconf 77' lang='lat' dir='ltr'>cll&#39;undit;</span> <span class='ocrx_word' id='word_1_403' title='bbox 1203 4809 1290 4858; x_wconf 82' lang='lat' dir='ltr'>lectam</span> <span class='ocrx_word' id='word_1_404' title='bbox 1302 4815 1418 4871; x_wconf 79' lang='lat' dir='ltr'>segetem</span> <span class='ocrx_word' id='word_1_405' title='bbox 1429 4815 1455 4856; x_wconf 89' lang='lat' dir='ltr'>et</span> <span class='ocrx_word' id='word_1_406' title='bbox 1467 4806 1589 4856; x_wconf 81' lang='lat' dir='ltr'>flaventia</span> <span class='ocrx_word' id='word_1_407' title='bbox 1603 4815 1679 4855; x_wconf 87' lang='lat' dir='ltr'>curat</span> 
     </span>
    </p>

    <p class='ocr_par' dir='ltr' id='par_1_51' title="bbox 1066 4889 1755 4957">
     <span class='ocr_line' id='line_1_84' title="bbox 1066 4889 1755 4957; baseline -0.01 -15"><span class='ocrx_word' id='word_1_408' title='bbox 1066 4905 1129 4942; x_wconf 81' lang='lat' dir='ltr'>arva</span> <span class='ocrx_word' id='word_1_409' title='bbox 1141 4892 1232 4953; x_wconf 85' lang='lat' dir='ltr'>Cerss;</span> <span class='ocrx_word' id='word_1_410' title='bbox 1248 4891 1370 4957; x_wconf 81' lang='lat' dir='ltr'>pinguem</span> <span class='ocrx_word' id='word_1_411' title='bbox 1383 4889 1477 4942; x_wconf 82' lang='lat' dir='ltr'>evolvit</span> <span class='ocrx_word' id='word_1_412' title='bbox 1487 4905 1539 4957; x_wconf 80' lang='lat' dir='ltr'>qua</span> <span class='ocrx_word' id='word_1_413' title='bbox 1550 4889 1626 4940; x_wconf 89' lang='lat' dir='ltr'>Nilus</span> <span class='ocrx_word' id='word_1_414' title='bbox 1638 4903 1755 4947; x_wconf 86' lang='lat' dir='ltr'>arenam,</span> 
     </span>
    </p>
   </div>
   <div class='ocr_carea' id='block_1_45' title="bbox 1066 4971 1837 5106">
    <p class='ocr_par' dir='ltr' id='par_1_52' title="bbox 1066 4971 1837 5106">
     <span class='ocr_line' id='line_1_85' title="bbox 1066 4971 1703 5042; baseline -0.009 -16"><span class='ocrx_word' id='word_1_415' title='bbox 1066 4982 1126 5026; x_wconf 80' lang='lat' dir='ltr'>actu</span> <span class='ocrx_word' id='word_1_416' title='bbox 1136 4985 1216 5026; x_wconf 87' lang='lat' dir='ltr'>oestro</span> <span class='ocrx_word' id='word_1_417' title='bbox 1230 4975 1324 5040; x_wconf 86' lang='lat' dir='ltr'>conjux</span> <span class='ocrx_word' id='word_1_418' title='bbox 1338 4975 1479 5027; x_wconf 80' lang='lat' dir='ltr'>formosum</span> <span class='ocrx_word' id='word_1_419' title='bbox 1494 4974 1587 5042; x_wconf 73' lang='lat' dir='ltr'>querit</span> <span class='ocrx_word' id='word_1_420' title='bbox 1598 4971 1703 5024; x_wconf 87' lang='lat' dir='ltr'>Osirim.</span> 
     </span>
     <span class='ocr_line' id='line_1_86' title="bbox 1676 5068 1837 5106; baseline -0.025 -2"><span class='ocrx_word' id='word_1_421' title='bbox 1676 5071 1718 5106; x_wconf 81' lang='lat' dir='ltr'>ra.</span> <span class='ocrx_word' id='word_1_422' title='bbox 1737 5068 1837 5104; x_wconf 79' lang='grc' dir='ltr'>νιοιτιι.</span> 
     </span>
    </p>
   </div>
   <div class='ocr_carea' id='block_1_46' title="bbox 0 0 1964 6080">
    <p class='ocr_par' dir='ltr' id='par_1_53' title="bbox 0 0 1964 6080">
     <span class='ocr_line' id='line_1_87' title="bbox 0 0 1964 6080; baseline 0 0"><span class='ocrx_word' id='word_1_423' title='bbox 0 0 1964 6080; x_wconf 95' lang='lat' dir='ltr'> </span> 
     </span>
    </p>
   </div>
  </div>
 </body>
</html>
