3882 6080
258 414 316 472 loo

298 539 439 612 ἄπληστον
452 544 545 596 νεικῶν
560 541 655 616 ἄρχετε
669 542 717 593 καὶ
729 537 869 614 πολέμων·

258 631 306 692 τὰς
320 633 413 704 pulcro<
427 625 451 682 δ’
466 629 481 682 ό
495 625 613 690 πλοῦτος
627 626 689 703 όρον
703 627 763 679 τινὰ
780 623 858 699 βαιὸν
874 627 988 704 ἐπίσχει,

299 719 328 771 αί
341 713 370 771 δί
384 717 460 770 κεναί
473 717 570 790 κρίσιες
582 715 631 768 τόν
646 715 794 790 ἁπίραντον
808 711 882 770 όδόν.

229 785 242 832 ⁵
258 803 345 859 Τοῦτο
359 800 498 870 Νεοκλῆος
511 802 620 856 πινυτόν
633 804 709 864 τόκος
721 799 741 870 ἢ
757 802 832 876 παρὰ
844 802 958 856 Μουσῶν

299 889 403 964 ἔκλυεν,
418 889 438 960 ἢ
452 887 557 952 Πυθοῦς
572 883 600 952 ἐξ
615 889 692 965 ἱερῶν
707 885 852 966 τριπόδων.

494 1040 544 1096 ii.
565 1035 782 1096 ΑΔΕΣΠΟΤΟΝ.

300 1171 383 1226 Πᾶσιν
399 1165 428 1224 dl
441 1167 548 1238 θνητοῖς
563 1166 703 1244 βούλομαι
713 1171 875 1246 παραινέσαι

296 1259 471 1334 τούρήμορον
486 1253 537 1332 ζῇν
552 1253 650 1326 ἡδίους·
668 1256 683 1310 ό
696 1257 749 1333 γὰρ
764 1255 849 1312 θανὼν

295 1345 326 1400 τό
344 1342 430 1422 μηδίν
443 1346 498 1399 ίστι
508 1345 555 1398 καί
569 1345 631 1398 σκιὰ
644 1345 715 1398 κατὰ
727 1341 836 1420 χθονός.

295 1434 398 1512 Μικροῦ
415 1429 445 1486 δὲ
462 1429 554 1507 βιότου
570 1426 647 1497 ζῶντ’
663 1429 826 1506 ἐπαυρέσθαι
837 1432 937 1508 χρεῶν.

464 1581 512 1638 45.
535 1578 807 1636 Aristoxenum.

256 1717 383 1792 Δάματερ
397 1711 567 1790 πολύκαρπε,
581 1715 613 1768 σὺ
628 1715 679 1782 κήν
697 1710 846 1766 Σικελοῖσιν
862 1711 978 1788 ἐναργὴς

294 1805 341 1858 καί
354 1801 418 1879 παρ’
434 1785 616 1878 θριχθείδαις·
633 1803 660 1855 iu
676 1797 706 1855 δί
719 1819 746 1854 τι
760 1796 877 1877 [θαῦμα]
893 1802 963 1874 μίγα

255 1887 352 1970 κρίνοιτ’
367 1892 394 1946 lv
406 1875 578 1966 Ἑρμιονεῦσι·
593 1888 639 1943 τὸν
655 1883 684 1952 ἐξ
698 1886 801 1964 ἀγίλης
814 1889 868 1963 γὰρ
883 1883 982 1963 ἀμειδῆ

293 1982 404 2056 ταῦρον,
418 1979 448 2033 δν
463 1979 514 2032 οὐκ
527 1973 632 2053 elpooo'
647 1977 738 2052 ἀνίρες
752 1973 816 2030 οὐδὲ
832 1971 909 2045 δίκα,

255 2071 350 2123 τοῦτον
363 2067 448 2144 γραῦς
461 2066 605 2141 στείχουσα
621 2066 691 2138 μόνη
711 2065 793 2138 μόνον
808 2061 906 2125 οὔατος
919 2061 993 2117 ἵλκει

295 2151 367 2210 τόνδ’
382 2155 426 2208 inl
441 2151 546 2228 βωμόν·
564 2153 578 2206 ό
594 2148 630 2224 δ’,
647 2152 682 2214 ῶς
698 2153 793 2228 μοιτίρι
807 2152 880 2218 ταῖς,
897 2149 1001 2208 tuerer.

258 2525 309 2580 Σόν
323 2521 395 2593 τόδε,
413 2523 550 2598 Δάματερ,
567 2521 614 2576 σδν
627 2520 658 2574 τό
674 2517 774 2582 σθένος·
790 2518 870 2583 ίλαος
887 2519 955 2590 εἰης,

296 2613 343 2666 καί
356 2613 461 2665 πάντων
475 2606 574 2664 θάλλοι
587 2605 688 2684 κλᾶρος
702 2609 728 2661 ἐν
744 2593 877 2684 Ερμιόνη.

405 2742 453 2798 46.
478 2737 668 2794 ΔΙΟΓΕΝΟΥΣ
689 2736 869 2795 ΛΑΕΡΤΙΟΥ.

257 2876 302 2942 Μή
318 2891 383 2927 ποτε
397 2871 510 2948 λυπήσῃ
526 2890 555 2926 σε
568 2870 599 2925 τό
616 2873 654 2946 μή
670 2888 698 2924 σε
714 2872 803 2946 τυχείν
818 2888 898 2935 τινος,
916 2867 991 2926 ἀλλὰ

295 2963 390 3038 τίρπεο
405 2963 485 3014 πᾶσιν
500 2959 575 3036 όμῶς
588 2955 641 3014 οἷσι
656 2955 751 3012 δίὀωσι
764 2955 834 3020 θεός.

256 3049 369 3126 καὶγὰρ
384 3045 528 3122 ἀθυμήσας
542 3047 556 3100 ό
572 3047 655 3122 σορός
669 3043 831 3122 Περίανδρος
842 3043 961 3120 ἀπίοόη,

297 3135 404 3192 οόνεκεν
419 3135 469 3189 οὐκ
483 3134 576 3211 ίτυχεν
590 3129 705 3210 πρήξιος
719 3130 753 3202 ἧς
767 3131 868 3193 ἔθελεν.

363 3383 411 3440 tl.
435 3379 552 3436 ΕΡΜΟΥ
571 3378 638 3436 ΤΟΥ
657 3379 910 3437 ΤΡΙΣΜΕΓῙΣΤΟΥ

488 3478 514 3532 ἰν
536 3474 613 3554 όλλῳ
635 3475 790 3534 ΟΡΦΕΩΣ.

541 3596 602 3664 llspl
615 3597 732 3660 σεισμῶν.

262 3717 368 3798 Φράζεο
384 3717 419 3790 δὴ
433 3721 481 3776 καὶ
494 3715 572 3774 τόνδε
585 3717 685 3794 λόγον,
700 3721 788 3790 τίκος,
807 3719 909 3775 όππότε
923 3739 967 3776 κιν
984 3717 1019 3792 δὴ

259 3810 340 3884 puicu
355 3809 454 3884 κινήσῃ
471 3803 611 3883 σεισίχθων
626 3805 828 3882 Κυανοχαίτης,

293 4232 321 4282 in
334 4233 413 4292 rixae,
428 4228 556 4289 homines,
570 4244 616 4278 sos
630 4227 695 4278 etin
709 4243 782 4280 erma
797 4229 893 4280 trabit?

260 4316 368 4366 Naturae
380 4311 535 4364 cohibentur
549 4327 611 4376 opes
626 4310 778 4362 sublimine
792 4327 873 4377 perro
889 4327 896 4362 ι

294 4395 363 4463 quod
377 4397 511 4446 malesana
525 4394 589 4460 petit
603 4409 676 4444 mens
691 4393 750 4454 sibi,
766 4395 817 4444 dne
829 4403 910 4446 caret.

261 4481 344 4532 Filius
359 4479 409 4530 hoo
420 4477 525 4530 Neoclis
537 4478 651 4543 sapiens,
667 4477 781 4528 dictante
794 4479 927 4538 Cemoenu.

295 4570 340 4615 eut
353 4577 385 4614 ea
399 4558 508 4612 cortinis
521 4559 609 4610 hausit
622 4559 777 4625 Apollineis.
858 4577 886 4612 n.
902 4576 1022 4613 osorius.

533 4679 574 4727 45.
592 4691 752 4728 anterocnrs.

262 4791 282 4842 0
298 4789 409 4840 secunde
421 4789 499 4840 Ceres
511 4785 607 4836 siculas
621 4786 769 4836 venerenda
781 4800 827 4850 per
841 4801 901 4836 oras

294 4872 481 4938 cecropioeque
494 4885 583 4936 agros,
596 4871 645 4920 hoe
659 4885 708 4935 ego
722 4869 853 4935 praeoipue

261 4959 344 5010 miror
356 4957 383 5009 in
397 4955 548 5016 Hermione,
561 4957 629 5022 quod
639 4970 736 5019 magno
748 4956 843 5004 robore
855 4961 958 5004 taurum

295 5055 424 5105 quemque
436 5037 485 5088 viri
500 5037 599 5104 possint
612 5037 653 5087 vix
667 5037 797 5088 domuisse
812 5037 911 5097 decem,

256 5141 270 5174 υ
291 5139 372 5189 grege
386 5123 524 5174 deductum
538 5123 594 5172 solu
605 5137 667 5172 eure
681 5120 786 5172 adducit
798 5121 830 5170 ed
843 5135 916 5171 erem

298 5215 389 5256 cuncta
404 5205 450 5256 tibi
463 5203 565 5267 mulier,
582 5205 635 5272 qui,
649 5221 714 5271 puer
726 5211 763 5267 ut,
777 5203 901 5268 sequitur.

706 405 965 466 ANTHOLOGIAE
985 405 1135 465 GRAECAE
1155 404 1380 466 APPENDlClS

1105 543 1268 617 inexplebile
1281 544 1344 600 lites
1356 544 1516 600 exordimini
1532 553 1559 601 et
1572 545 1656 612 belle;
1682 543 1834 618 [obtinent.

1070 638 1174 687 neturae
1192 635 1284 688 aulem
1300 630 1402 688 divitiae
1421 632 1531 687 modum
1553 631 1696 704 quemdam
1715 649 1834 706 parrum

1104 735 1176 774 vane
1188 724 1278 775 autem
1289 717 1394 791 judicia
1407 717 1609 774 interminatum
1621 735 1741 776 cursum.

1072 804 1129 858 Hoc
1142 805 1248 860 Neoclis
1262 805 1372 876 sepiens
1386 804 1458 860 tilius
1472 813 1520 860 eut
1532 822 1551 860 a
1562 806 1646 860 Musis

1105 891 1218 960 audivit,
1232 899 1280 948 aut
1293 893 1401 965 Pytbus
1414 910 1450 946 ex
1463 893 1548 948 sacris
1562 891 1725 966 tripodibus.

1313 1039 1357 1094 dl.
1369 1037 1585 1094 ANONYMUM.

1105 1167 1236 1224 Omnibus
1250 1167 1359 1240 quidem
1373 1168 1533 1225 mortalibus
1545 1168 1608 1224 volo
1622 1168 1738 1224 sundere

1105 1255 1244 1328 Quotquot
1252 1263 1318 1313 eunt
1327 1257 1386 1312 dies
1396 1257 1516 1313 suaviter
1526 1257 1633 1312 vivere:
1646 1256 1689 1312 ille
1699 1257 1773 1312 enim
1784 1257 1837 1330 qui

1105 1342 1219 1398 nibilum
1233 1351 1276 1398 est
1291 1351 1319 1399 et
1333 1342 1429 1398 umbra
1442 1343 1494 1398 sub
1512 1349 1595 1399 terra.
1627 1345 1762 1416 [mortuus
1777 1351 1837 1410 est,

1106 1431 1187 1487 Brevi
1201 1439 1291 1487 autem
1305 1431 1362 1486 vite
1375 1429 1509 1486 virentem
1523 1430 1577 1486 frui
1591 1437 1709 1504 oportet.

1309 1581 1354 1636 45.
1371 1579 1588 1638 ARISTOCLIS.

1072 1714 1199 1768 Fecunda
1207 1714 1300 1780 Ceres,
1315 1719 1344 1768 tu
1360 1720 1388 1769 et
1402 1713 1472 1768 iuter
1485 1713 1592 1770 Siculos
1605 1713 1749 1770 manifeste

1106 1808 1134 1857 et
1151 1800 1223 1874 apud
1239 1800 1439 1857 Erechthides:
1456 1818 1539 1856 unum
1551 1819 1616 1858 vero
1630 1811 1658 1859 et
1674 1803 1758 1860 hoece
1774 1819 1839 1858 ma-

1564 1891 1659 1962 [gnum
1673 1891 1838 1948 musculum

1071 1974 1242 2032 existimetur
1262 1977 1332 2033 inter
1354 1975 1563 2034 Hermioueuses
1586 1995 1593 2034 :
1617 1979 1691 2034 illum
1717 1979 1792 2034 enim
1822 1996 1839 2034 e

1577 2066 1674 2140 [grege
1688 2067 1839 2123 immanem
1934 2141 1935 2144 Ἴ

1106 2158 1223 2218 taurum,
1239 2171 1319 2226 quem
1332 2171 1387 2210 nou
1400 2153 1498 2210 tollunt
1510 2152 1619 2226 quidem
1631 2153 1683 2210 viri
1697 2155 1805 2220 decem,

1073 2238 1144 2294 illum
1156 2256 1225 2296 anus
1240 2241 1486 2314 placide-incedens
1500 2243 1559 2298 sole
1572 2243 1659 2297 solum
1673 2259 1738 2298 eure
1749 2242 1841 2299 trahit

1106 2327 1208 2384 hancce
1222 2329 1257 2385 ed
1271 2344 1345 2384 eram
1362 2346 1369 2383 :
1385 2329 1429 2384 ille
1448 2337 1549 2396 autem,
1569 2337 1599 2386 ut
1619 2337 1732 2385 matrem
1755 2347 1839 2402 puer,

1689 2417 1838 2491 [sequitur.

1072 2515 1157 2569 Tuum
1174 2511 1267 2579 hoece,
1284 2509 1376 2574 Ceres,
1389 2513 1466 2563 tuum
1479 2507 1562 2562 robur
1577 2523 1585 2560 τ
1601 2505 1780 2579 propitians,

1041 2675 1046 2696 Ι
1107 2607 1135 2656 et
1146 2597 1264 2654 omnium
1278 2597 1384 2654 vireant
1397 2595 1501 2668 predia
1514 2596 1676 2652 Hermione.

1246 2751 1289 2804 46.
1312 2747 1479 2804 DIOGENIS
1504 2747 1657 2802 LAERTII.

1073 2883 1112 2938 Ne
1126 2888 1154 2938 te
1168 2897 1287 2953 unquam
1301 2878 1393 2935 doleas
1404 2885 1432 2935 te
1441 2877 1581 2951 quidpiam
1593 2895 1645 2934 nou
1659 2884 1841 2934 consecutum

1107 2968 1196 3042 gaude
1211 2967 1314 3040 pariter
1325 2965 1450 3022 omnibus
1464 2983 1524 3038 que
1537 2965 1584 3020 det
1598 2965 1681 3022 Deus.
1693 2968 1775 3033 [esse
1786 2967 1842 3021 sed

1082 3056 1177 3113 iterum
1200 3054 1389 3112 fracto-animo
1414 3053 1524 3128 sepiens
1549 3053 1593 3108 ille
1614 3051 1763 3108 Periander
1789 3070 1842 3109 ex·

1644 3140 1770 3208 [stinctus
1781 3146 1841 3200 est,

1106 3233 1169 3308 quie
1184 3250 1238 3290 uon
1252 3239 1394 3288 essecutus
1408 3239 1451 3289 est
1463 3249 1519 3288 rem
1532 3248 1612 3305 quam
1626 3229 1763 3304 cupiebat.

1207 3382 1251 3436 47.
1272 3379 1452 3438 MERCURII
1471 3378 1700 3436 TlilSMEGISTl

1351 3485 1399 3534 aut
1416 3477 1562 3534 ORPHEI.

1317 3594 1356 3644 De
1370 3601 1447 3643 terrae
1461 3591 1584 3642 motibus.

1076 3719 1197 3794 intellige
1212 3735 1277 3775 sane
1290 3725 1317 3774 et
1329 3717 1399 3773 banc
1413 3715 1555 3782 rationem,
1571 3713 1618 3784 fili,
1633 3731 1694 3770 cum
1709 3730 1776 3770 seue

1075 3817 1175 3867 terram
1208 3804 1323 3863 moverit
1358 3809 1599 3860 concussor-terre
1628 3799 1842 3874 nigros-crines-

1616 3890 1731 3962 [babeus
1754 3891 1843 3954 nens,

1078 4233 1141 4283 Heec
1152 4239 1197 4282 tua
1210 4231 1250 4281 bis
1262 4231 1340 4279 Ceres
1352 4235 1400 4290 est,
1416 4235 1443 4277 tu
1455 4225 1531 4276 nobis
1545 4231 1602 4275 esto
1615 4223 1739 4288 benignu,

1112 4331 1158 4382 per
1172 4323 1248 4380 teque
1262 4311 1403 4364 Hermione
1417 4311 1478 4360 laeta
1492 4309 1568 4360 besta
1580 4308 1644 4358 tunt.
1761 4322 1844 4357 cass.

1301 4423 1342 4470 to.
1360 4435 1480 4471 proeesse
1498 4433 1612 4470 aaeeru.

1079 4520 1117 4568 Ne
1131 4515 1178 4567 tibi
1188 4515 1244 4581 jam
1258 4514 1344 4565 doleat
1359 4511 1381 4562 si
1396 4527 1446 4562 non
1461 4517 1552 4576 optata
1564 4505 1692 4573 sequaris,

1111 4599 1157 4650 sed
1166 4597 1239 4666 juvet
1250 4597 1277 4648 id
1291 4595 1378 4661 superi
1391 4594 1459 4660 quod
1472 4593 1585 4644 tribuere
1597 4589 1649 4642 dei.

1078 4686 1145 4735 Nam
1158 4679 1263 4747 sapiens
1274 4677 1379 4744 Stygias
1391 4677 1536 4729 Periander
1547 4674 1627 4726 cessit
1637 4673 1671 4724 ad
1684 4673 1795 4724 umbrae

1111 4764 1260 4826 exstinctus,
1275 4763 1343 4830 quod
1356 4776 1408 4813 non
1421 4775 1477 4827 quae
1491 4759 1572 4811 voluit
1582 4756 1672 4808 valuit.

1622 4855 1692 4892 otoo.
1707 4855 1731 4890 r..
1749 4854 1846 4890 umor.

1132 4953 1172 5002 Π.
1190 4949 1315 5001 Mercurii
1330 4945 1496 5012 Trismepisti,
1510 4947 1566 5006 aut,
1578 4946 1608 4994 υί
1621 4941 1670 4992 alii
1683 4939 1784 5002 volunt,

1274 5023 1377 5090 Orphei,
1391 5021 1423 5072 de
1438 5023 1512 5071 terre
1525 5015 1644 5068 motibus.

1079 5119 1135 5168 Hoc
1149 5131 1249 5182 quoque
1263 5115 1344 5176 disce,
1358 5127 1430 5178 puer,
1442 5124 1603 5177 quocumque
1614 5123 1646 5157 ex
1660 5105 1767 5158 cerdine
1781 5105 1848 5156 caeli

1079 5201 1198 5251 tellurem
1212 5196 1314 5264 quatiet
1327 5201 1450 5260 regnator
1464 5193 1576 5245 caerulus
1587 5191 1673 5253 undae,
