3882 6080
706 367 831 428 CAPUT
852 368 902 427 vl.
926 369 1116 434 ossuum.

131 502 193 578 οἴκῳ
209 501 247 556 tot
261 503 356 578 σκιερῷ
372 503 491 576 Διονύσῳ
505 500 626 578 χρῆσθαι
637 503 732 578 ἰητρῷ.

385 652 433 708 78.
455 658 631 708 ΤΟΥΑΠΟΥ.

450 763 562 818 Ῥοδίοις.

123 883 207 940 Ἄττιν
225 881 251 939 δ’
266 881 419 947 [λα’σνιτοθι,
436 880 497 937 θεὸν
515 884 611 958 μέγαν,
629 881 711 957 ἁγνὸν
724 866 837 952 Ᾰδωνιν,

132 973 213 1042 εθϊον,
229 967 407 1048 δλθιόδωρον,
424 969 600 1046 ίϋτλόκαμον
616 972 755 1024 Διόνυσον.

389 1121 436 1178 79.
459 1127 635 1177 ΤΟΥΑΠΟΥ.

451 1233 561 1287 θαοίοις.

131 1351 174 1418 El<
187 1357 293 1431 πάτρην
309 1350 432 1430 φυγάδας
445 1355 582 1428 κατάγων,
600 1353 750 1429 Δήμητραν
761 1351 888 1427 ἀμήσεις.

383 1501 431 1559 80.
453 1509 515 1556 ror
528 1507 639 1557 error.

433 1616 582 1670 Σικυωνίοις.

133 1734 269 1812 Βουλιύῃ,
287 1737 401 1800 Σικυὼν,
417 1731 551 1810 ζωάγριον
567 1735 624 1788 cliv
638 1716 756 1809 Ᾰροὶτου,

133 1823 201 1900 ἀμφ’
216 1824 278 1900 ὁσίῃ
291 1822 375 1899 θαλίῃ
389 1843 418 1877 τε
430 1823 641 1898 κατοιχομένοιο
657 1821 781 1882 ἄνακτος.

132 1899 169 1977 il<
182 1914 214 1967 τὸ
232 1911 417 1989 βαρυνόμενον
431 1907 495 1986 τῷδ’
512 1911 586 1987 dulps
598 1911 645 1964 καί
657 1909 686 1963 τὸ
708 1906 824 1984 βαρῦνον

131 2091 215 2164 γαίης
228 2089 281 2144 ίστ’
297 2083 427 2164 ἀσίδηρα
440 2088 488 2142 καὶ
500 2087 617 2164 οὐρανοῦ
630 2082 682 2154 ἡδί
698 2081 847 2152 θαλάσσης.

383 2239 430 2295 81.
453 2247 517 2294 ΤΟΥ
527 2243 632 2294 tritu.

429 2350 488 2415 Περί
506 2350 604 2398 θυσιῶν.

133 2456 266 2548 θργάζιυ,
281 2469 353 2546 φίλε,
368 2467 449 2540 τιίνδτ
465 2465 607 2524 θεόσδοτον
623 2468 649 2530 ίς
661 2461 750 2544 τρίθον
769 2463 865 2535 atton,

134 2557 200 2635 μηδ’
217 2558 347 2628 ίπιλήθτο
360 2562 412 2612 τῶν
428 2561 555 2634 μακάρων
571 2555 663 2620 θυσίας
676 2548 815 2630 ίναρίζων,

131 2651 172 2724 τῇ
185 2647 234 2724 μίν
247 2645 419 2723 ίτιχθονίοις,
431 2651 471 2722 τῇ
487 2643 512 2698 δ’
524 2645 669 2720 οὐρανίοις,
679 2643 745 2697 τοτὲ
758 2637 783 2694 δ’
796 2638 893 2717 αίθρης

132 2825 253 2878 αὐτοῖσιν
272 2821 437 2897 βασιλιῦοιν,
454 2825 501 2876 καὶ
512 2823 593 2898 ἠέρος
607 2819 782 2896 ὑγριπόροιο,

108 2907 184 2980 tlte
199 2907 376 2972 θαλασσαίοις
388 2911 434 2964 καί
449 2905 649 2986 ὑποχθονίοισιν
665 2905 759 2962 ἅπασι.

133 2999 227 3053 Πάντα
239 3001 292 3076 γὰρ
307 2995 445 3074 ίνδίχεται
458 3000 561 3073 puoto<
578 2997 742 3071 μεστώματα
756 2988 850 3048 τῶνδε.

132 3088 214 3140 Ζώων
227 3083 252 3140 δ’
268 3089 303 3150 ὡς
316 3083 392 3161 θίμις
404 3087 459 3140 ἐστὶ
471 3082 633 3154 τελευτῆσαι
646 3080 834 3157 καθαγισροὺς

132 3177 226 3246 ἀείσω,
245 3170 349 3236 δέλτοις
363 3171 392 3227 δὲ
407 3176 557 3251 χαράοστττ
572 3171 699 3250 χρησμὸν
715 3171 805 3245 ίμοῖο.

130 3261 208 3338 Τρεῖς
224 3262 271 3336 μίν
282 3257 454 3336 ἐπιχθονίοις,
466 3261 535 3336 τριΐς
549 3255 572 3313 δ’
588 3259 737 3336 οὐρανίοισι
751 3253 851 3310 θεοῖσι·

94 3361 119 3406 lu
131 3346 236 3425 φαιδρὰ
252 3349 298 3423 μὲν
314 3349 458 3424 οὐρανίοις,
472 3344 592 3423 χθονίοις
605 3343 630 3400 δ’
644 3342 783 3420 trullissant
795 3345 890 3420 χροιῇ.

130 3527 191 3580 Τῶν
205 3522 320 3602 χθονίων
336 3520 436 3598 διοίειρτ
450 3525 530 3598 τριχῆ
547 3519 639 3584 θυσίας
654 3517 792 3597 ίναρίζων,

130 3615 272 3692 νερτερίων
287 3610 455 3680 κατάθαπτε,
471 3613 519 3665 καί
530 3613 567 3674 τίς
583 3609 680 3687 βόθρον
696 3607 766 3685 αίμα
779 3605 871 3664 tolie.

130 3911 228 3970 Sirius,
243 3909 367 3960 umbrosa
379 3909 495 3958 medicus
508 3908 542 3958 sit
555 3908 673 3958 Bacchus
687 3907 713 3958 in
727 3908 791 3958 ede.

743 4007 785 4041 rs.
802 4003 890 4040 musa.

421 4102 462 4151 79.
480 4117 602 4152 ιιιυσοαιι.

463 4220 568 4268 Τίιατίίτ.

132 4349 225 4402 Redde
237 4349 313 4399 modo
323 4347 438 4398 exulibus
451 4347 571 4412 petrium,
583 4348 661 4396 Ceres
673 4345 761 4410 ample
771 4349 883 4394 metetur

742 4445 785 4478 rn.
801 4441 891 4477 νιοιιιι.

430 4542 470 4590 to.
489 4554 611 4590 suusnsrr.

446 4659 581 4723 Sicyoniis.

132 4789 284 4848 consultas,
297 4787 401 4852 Sicyon,
413 4788 494 4838 Arato
509 4786 658 4850 gratissima
672 4785 758 4846 tellus,

132 4877 164 4922 ut
177 4871 221 4936 pia
232 4871 346 4922 defuncti
360 4872 524 4921 celebrentur
536 4869 627 4920 sunere
640 4868 721 4933 regis,

133 4953 158 5005 si
171 4955 342 5019 quodcunque
353 4953 408 5003 uiro
420 4954 512 5003 durum
525 4953 704 5018 infensumque
717 4951 823 5012 leretur,

133 5037 162 5088 id
176 5037 261 5087 scelus
273 5037 407 5088 infandum
420 5036 495 5098 coelo,
511 5043 632 5102 terraque
647 5035 773 5101 marique.

691 5135 749 5170 nur.
765 5134 893 5170 nuoanur.

1642 395 1699 451 tls

940 508 1058 567 domuin
1073 513 1201 570 umbroso
1213 517 1332 591 Dionyso
1346 520 1449 576 utimini
1465 523 1578 580 medico.

1219 671 1262 724 78.
1283 678 1428 726 Elususll.

1266 774 1384 827 Rhodiis.

942 893 1018 949 attin
1037 895 1151 968 placate,
1167 897 1245 952 deum
1259 917 1400 972 magnum,
1414 910 1535 959 sanetum
1551 905 1669 975 Adonin,

943 979 1041 1050 evium,
1065 984 1291 1055 opum-datorem,
1307 987 1524 1062 bene-comptum
1543 991 1701 1065 Dionysum.

1225 1139 1269 1192 79.
1290 1145 1434 1191 mussant.

1270 1243 1384 1293 Thesiis.

944 1361 975 1418 In
990 1363 1105 1435 patriam
1120 1365 1212 1421 exules
1225 1365 1369 1435 reducens,
1384 1367 1508 1424 Cererem
1520 1377 1619 1426 metes.

1221 1515 1264 1568 80.
1281 1524 1426 1568 sausoure.

1254 1620 1392 1683 Sicyoniis.

944 1741 1100 1810 Consultas,
1124 1743 1238 1816 Sicyon,
1266 1747 1339 1814 quod
1368 1746 1597 1819 vite-premium
1627 1757 1704 1806 nter-

944 1829 978 1886 de
989 1829 1072 1903 justis
1086 1831 1210 1902 festoque
1229 1831 1349 1889 defuncti
1364 1834 1447 1905 regis.
1478 1836 1551 1907 [num
1565 1835 1641 1891 Arati
1656 1844 1705 1906 est,

945 1915 1051 1989 Quippe
1066 1915 1168 1989 siquid
1187 1917 1328 1974 molestum
1344 1918 1428 1975 babet
1447 1919 1518 1974 hunc
1534 1919 1621 1976 virum
1640 1929 1668 1978 et
1682 1923 1707 1978 ei

1486 2005 1638 2078 [molestum
1653 2017 1704 2072 est,

944 2097 1023 2146 terre
1036 2097 1077 2147 est
1092 2091 1267 2164 piaculumst
1282 2092 1339 2149 celi
1354 2100 1436 2166 atque
1450 2094 1542 2150 maris.

1218 2245 1261 2298 8l.
1282 2251 1429 2296 sansonis.

1222 2349 1259 2397 De
1280 2347 1426 2399 sacrificiis.

945 2472 1074 2546 Operam,
1092 2473 1187 2540 smine,
1200 2473 1300 2528 hancce
1313 2474 1501 2530 odeo-datam
1516 2475 1585 2530 viem
1599 2475 1706 2548 ingres-

946 2579 1034 2634 neque
1042 2560 1201 2616 obliviscere
1212 2561 1353 2618 beatorum
1361 2561 1484 2619 victimas
1492 2571 1625 2630 mactans,
1636 2566 1705 2638 [ous,

945 2648 1045 2722 purtim
1063 2648 1248 2717 terrestribus,
1271 2649 1369 2722 partim
1390 2648 1552 2716 celestibus,
1572 2648 1706 2706 interdum

1545 2739 1584 2808 [et
1597 2737 1706 2792 retheris

945 2823 1015 2897 ipsis
1039 2823 1160 2896 regibus,
1190 2832 1217 2880 et
1240 2823 1311 2879 aeris
1335 2823 1705 2897 quem-permeant·humids,

946 2919 1028 2984 atque
1041 2911 1156 2968 marinis
1171 2919 1198 2969 et
1209 2911 1394 2968 subterraneis
1408 2911 1543 2967 omnibus.
1622 2912 1705 2984 [istis.

947 2999 1050 3056 Cuncte
1064 2998 1134 3054 enim
1148 3007 1252 3056 nature
1265 2999 1386 3072 cepiunt,
1402 2999 1472 3054 unde
1487 2999 1658 3074 expleantur,
1671 3001 1706 3054 ab

946 3087 1108 3143 Animalium
1116 3093 1205 3143 aulem
1214 3093 1244 3142 ut
1252 3087 1293 3142 las
1300 3093 1341 3142 est
1349 3085 1476 3159 perlicere
1487 3087 1706 3142 consecrationes

946 3192 1050 3240 canum,
1065 3174 1165 3232 tabulis
1182 3190 1247 3230 vero
1265 3173 1404 3229 inscribite
1418 3175 1555 3229 oraculum
1569 3191 1670 3230 meum.

946 3265 1013 3321 Tres
1023 3263 1131 3336 quidem
1141 3261 1390 3328 terrestribus,tres
1399 3277 1462 3316 vero
1471 3260 1702 3317 celestibusdiis:

946 3350 1076 3405 candidas
1104 3348 1212 3422 quidem
1241 3347 1405 3416 celestibus,
1435 3347 1611 3404 terrestribus
1639 3364 1704 3403 vero

1295 3435 1407 3507 [similes
1419 3435 1508 3490 colore
1523 3436 1553 3508 (ι’.
1567 3452 1589 3490 e.
1607 3441 1703 3502 utres).

946 3525 1126 3582 Terrestrium
1139 3522 1229 3579 divide
1243 3522 1375 3578 trifariam
1387 3521 1490 3578 hostias
1502 3527 1634 3590 maetsns,

947 3613 1094 3670 inferorum
1115 3609 1255 3683 sepeliet
1273 3609 1418 3665 infossam
1438 3609 1598 3680 sanguinem
1617 3609 1704 3666 mitte.

1232 3902 1273 3950 tl.
1292 3914 1415 3951 ιωυαοιιιι.

1227 4027 1264 4075 lle
1280 4025 1425 4090 sacrificiis.

946 4167 1003 4216 Hoc
1016 4162 1126 4228 aperite
1138 4177 1246 4222 memor,
1262 4162 1390 4226 Superum
1402 4159 1446 4224 qui
1460 4159 1564 4212 numine
1578 4161 1665 4212 dextro
1678 4179 1706 4214 es
1720 4195 1724 4204 ·

946 4249 995 4298 hoe
1009 4248 1059 4297 iter
1073 4245 1216 4310 ingressus.
1230 4243 1362 4295 Felieibus
1372 4243 1460 4294 hostia
1473 4241 1540 4293 divis

945 4332 978 4380 ab
992 4337 1017 4380 te
1031 4330 1192 4390 coesecedut,
1209 4327 1253 4393 qui
1267 4337 1364 4378 terram
1378 4327 1483 4390 altaque
1496 4325 1556 4376 cosli

947 4413 1045 4478 templa
1056 4419 1154 4471 tenent,
1169 4410 1264 4476 quique
1275 4411 1384 4460 estheris
1397 4410 1503 4474 regione
1515 4417 1659 4471 morantur,
1678 4401 1681 4410 ⁴

947 4495 1083 4562 neriusque
1098 4501 1191 4559 regunt
1205 4501 1315 4552 tractus,
1328 4492 1424 4558 quique
1437 4493 1544 4542 humida
1559 4492 1631 4556 ponti

935 4595 1087 4642 marmora,
1102 4579 1196 4644 quique
1208 4579 1314 4628 umbras
1326 4575 1420 4634 sortiti,
1431 4577 1594 4640 Erebumque
1605 4576 1707 4640 prosun-

948 4679 991 4714 res
1005 4663 1101 4714 etenim
1112 4663 1170 4712 lusu
1182 4668 1222 4712 est
1234 4659 1321 4711 dirum
1333 4667 1428 4709 nutura
1442 4675 1489 4724 per
1502 4672 1601 4708 omnes.
1612 4659 1683 4722 [dum
1699 4675 1704 4708 :

948 4747 1000 4797 Sed
1013 4761 1063 4812 quo
1078 4760 1185 4810 quaeque
1200 4741 1248 4794 tibi
1262 4741 1402 4792 mactanda
1413 4741 1557 4791 animantia
1572 4740 1633 4801 ritu,

948 4837 1008 4880 aute
1020 4843 1127 4889 cenam;
1141 4825 1212 4894 puris
1221 4839 1375 4891 responsum
1386 4824 1471 4874 incide
1483 4823 1595 4874 tabellis.

949 4915 1035 4962 'lerna
1045 4910 1148 4976 quidem
1158 4909 1277 4972 Laribus,
1288 4908 1446 4972 totidemque
1458 4921 1563 4958 sacrare
1577 4915 1706 4956 memento

948 4995 1085 5055 etelitibus,
1100 5009 1188 5044 rerum
1202 4994 1251 5044 hoc
1268 4989 1418 5042 discrimine
1433 5005 1440 5040 :
1456 4987 1568 5039 candida
1581 5005 1674 5054 nempe

949 5079 1085 5137 coelitibus,
1100 5075 1206 5128 Larium
1218 5075 1253 5126 sit
1264 5073 1386 5126 concolor
1399 5073 1485 5123 boetia
1498 5073 1597 5122 Terrae.

949 5164 1011 5221 Quae
1024 5161 1133 5212 Laribus
1146 5161 1217 5221 flent,
1233 5157 1359 5209 internas
1371 5154 1455 5206 divide
1467 5162 1564 5220 partes,
