3882 6080
436 438 560 500 CAPUT
580 440 631 500 tv.
654 439 957 501 uxflouuuuuutt
978 441 1027 501 ET
1048 443 1365 506 SUPPLlCATOillA.
1634 451 1690 510 409

235 563 342 646 θερμῶν
358 569 471 647 ἄτεχνον
484 571 589 649 ριῡμα;

232 659 290 720 πῶς
299 657 348 712 καὶ
360 655 442 713 πθθιν
454 662 565 714 νοσοῦσι

235 746 316 820 φανὲν
329 749 471 823 πρόκειται
482 749 563 802 πᾶσιν

233 834 385 912 ἀνάργυρσν
399 830 474 912 δῶρη
480 854 528 910 μα,

233 923 280 1006 act
289 919 437 999 προσφιλὲς
449 925 593 1000 γάνυσμα;

231 1010 324 1086 Εγωγι
337 1013 419 1066 τοῦτο
434 1006 524 1076 δείξω,

232 1097 284 1172 ἐγὼ
301 1099 388 1175 φίρων
405 1093 507 1163 διδάξω

231 1187 294 1240 ὅσον
309 1187 390 1263 σοφοὶ
402 1190 522 1256 νοοῦσιν,

231 1275 294 1330 θσον
307 1277 384 1351 φύσις
393 1271 518 1331 παιδιύιι

230 1365 277 1418 καὶ
290 1366 371 1441 antipa
385 1359 549 1430 συνδικάζιι.

231 1453 360 1528 Πρόσχις·
377 1453 486 1529 φράσων
500 1453 553 1529 γὰρ
566 1452 638 1524 ἥκω.

231 1611 326 1706 [δνιρθι
339 1629 392 1703 γῆς
406 1629 547 1704 σήραγγας

229 1712 297 1769 ιῑναι
311 1715 403 1777 στενὰς
414 1718 534 1778 νοοῦσιν,

229 1799 301 1880 θδωρ
316 1799 341 1858 δ’
354 1801 453 1858 θνιῖθιν
468 1800 542 1858 Ινθιν

228 1891 383 1968 ἀντιτρθχον
397 1888 546 1960 πιλιϊσθαι,

227 1976 394 2055 πιλούμενον
410 1975 439 2034 δί
454 1976 559 2056 θίρριην

229 2067 261 2153 ρύ
275 2067 326 2136 τὴν
340 2070 478 2143 τυχοῦσαν
493 2069 619 2144 πάσχειν.

227 2152 314 2209 Αλλοι
328 2152 442 2230 λέγουσι
452 2157 544 2210 τοῦτο·

227 2239 358 2296 Μίταλλά
371 2261 425 2297 που
440 2239 540 2312 θιιώδη

225 2332 278 2404 γῆς
290 2330 317 2384 ἐν
334 2333 431 2408 μυχοῖς
446 2329 589 2408 ὑπάρχειν·

226 2419 258 2472 σθ
271 2421 411 2493 γιιτονοῦν
426 2413 473 2472 οὖν
485 2421 572 2494 νᾶμα,

227 2505 331 2582 θέρμης
344 2506 429 2583 τυχθν
446 2503 546 2580 βιαίας,

225 2597 300 2648 κάτω
317 2595 406 2669 picata
417 2595 469 2649 οὐκ
480 2593 571 2672 ἶσχον,

226 2683 282 2736 ἄνω
295 2684 389 2760 τρίχιι
402 2685 439 2760 τῷ
453 2681 565 2753 πλήθει.

227 2770 309 2858 [ictor
325 2765 412 2848 δίχῃς
427 2771 459 2826 τὸ
473 2775 596 2850 πρῶτον,

223 2855 292 2913 Αλλ’
306 2859 339 2914 σθ
355 2854 489 2936 δίδαγμαι
503 2863 596 2915 τοῦτο·

223 2949 261 3028 Ἑν
277 2942 393 3026 imita
408 2950 550 3025 σύνφημι·

226 3031 309 3110 Οδμή
323 3037 377 3113 γάρ
393 3035 474 3101 ἔστιν,
490 3032 577 3100 οἶδας,

227 3119 352 3196 μυδῶσα,
369 3119 552 3181 δυσπνοοῠσα.

224 3213 323 3287 τρανόν
336 3229 366 3266 τι
383 3214 570 3289 μαρτυροῦσα.

224 3297 304 3352 Οὕτω
317 3297 442 3376 προῆλθι
455 3302 523 3355 πᾶσι

221 3386 253 3441 τὸ
269 3383 472 3463 θερμθθλυστον
489 3385 604 3466 ῥεῖθρον,

224 3459 395 3552 Ιπποιιράιης
408 3474 525 3554 ἄψυχος,

222 3565 322 3638 τὶχνης
336 3563 400 3618 ἄνευ
415 3561 549 3634 Γαληνός.

223 3651 313 3714 litent<
326 3647 356 3706 di
369 3655 482 3716 τούτου,
496 3655 579 3722 νῆσος

221 3740 253 3794 τὸ
268 3743 321 3816 πῦρ
336 3739 393 3795 ἅνω
408 3743 523 3817 φυσῶσα

222 3823 319 3902 πολλῷ
336 3825 439 3906 βρθμον
454 3830 502 3884 σὺν
516 3829 590 3905 ἤχῳ,

221 3912 317 3992 πολλῇ
332 3934 360 3970 τι
376 3918 423 3971 σὺν
438 3919 555 3985 κινήσει.

223 3999 302 4058 Οἶδεν
315 4007 405 4082 φίριιν
417 4004 522 4060 τοιαῦτ’
530 3994 574 4062 ’t-

222 4093 329 4146 τιτανία
343 4088 477 4163 Μηδιίας,

221 4181 269 4234 καὶ
282 4180 400 4257 Πιρσοιή
416 4181 550 4252 Πιττάκη,

222 4267 270 4320 καὶ
282 4263 371 4322 Λυδία
384 4265 543 4322 πλουτοῦσα

225 4352 449 4432 μιταλλόχρυσον
463 4357 556 4431 γαῖαν.

225 4427 371 4518 θρανιλίων
384 4441 493 4513 στηλῶν
509 4439 537 4497 δὲ

223 4535 315 4607 πόρρω
329 4533 432 4608 πίφυιιι
447 4530 572 4589 πλεῖστα.

224 4601 258 4672 θν
274 4615 298 4672 δ’
313 4614 349 4674 αὖ
362 4639 394 4695 γε
409 4617 595 4690 Πιθηκούσαις

222 4705 270 4760 καὶ
281 4708 391 4784 Λιπάρᾳ
404 4712 439 4784 τῇ
455 4711 530 4784 νήσῳ

224 4793 339 4870 ἀφεγγίς
353 4796 422 4850 ἰστιν
437 4791 487 4850 etet
493 4816 531 4871 μα

224 4881 240 4936 θ
255 4885 331 4937 νυκτί
343 4902 393 4960 περ
407 4886 566 4960 παμφαῖνον

219 4971 323 5044 utputa
335 4969 430 5034 λίθους
443 4967 564 5034 θειώδεις

220 5057 411 5136 πολυψόφους,
431 5055 602 5136 βροντῶδιις,

223 5145 287 5222 ὄψει
300 5148 331 5203 τθ
345 5151 399 5202 πᾶν
414 5143 578 5217 δηλοῦντας.

209 5219 288 5290 Ἔστι
301 5231 329 5292 δδ
346 5237 430 5314 μικρὰ
443 5237 530 5291 ταῦτα

1032 581 1182 638 calidarum
1193 583 1363 640 inartificiale
1376 585 1526 642 fluentum?

1033 671 1168 742 quomodo
1185 678 1212 729 et
1226 673 1298 729 unde
1312 672 1509 745 egrotantibus

1034 765 1173 816 ostensum
1188 769 1357 835 proponatur
1370 762 1495 819 omnibus

1033 857 1303 922 conduco-emptum
1322 867 1430 916 munus,

1035 941 1062 990 et
1076 937 1190 992 amicum
1206 936 1358 1010 gaudium?

1036 1022 1095 1095 Ego
1110 1024 1219 1097 quidem
1231 1024 1283 1080 hoc
1297 1025 1449 1093 ostendam,

1034 1127 1086 1184 ego
1101 1111 1171 1168 ultro
1185 1111 1289 1168 docebo

1032 1199 1165 1274 quidquid
1178 1201 1300 1259 sentiunt
1314 1201 1461 1274 sapientes,

1034 1287 1167 1362 quidquid
1179 1289 1282 1348 indicat
1297 1298 1405 1360 natura,

1033 1382 1061 1432 et
1075 1377 1261 1450 experimento
1273 1378 1485 1452 une-judicatur.

1032 1465 1151 1522 Attouda
1166 1484 1173 1522 :
1190 1467 1312 1524 dicturus
1327 1466 1397 1524 euim
1412 1464 1502 1522 uenio.

1032 1622 1091 1681 Sub
1103 1630 1178 1682 terra
1190 1627 1299 1684 canales

1031 1730 1093 1769 esse
1108 1720 1204 1772 tenues
1218 1722 1325 1788 putant,

1032 1817 1185 1876 aquamque
1197 1803 1261 1859 hinc
1273 1803 1346 1859 illinc

1031 1897 1294 1948 contra-currentem
1308 1889 1417 1964 stipari,

1032 1976 1215 2052 stipatumque
1229 1978 1347 2036 calorem

1032 2083 1086 2122 non
1101 2066 1239 2140 quemliiet
1253 2067 1320 2142 pati.

1031 2153 1085 2209 Atii
1099 2155 1152 2210 hoc
1165 2154 1280 2212 dicunt:

1032 2241 1140 2298 metalla
1151 2241 1250 2300 alicubi
1265 2243 1386 2300 sulfurea

1032 2329 1059 2384 in
1073 2335 1152 2387 terre
1167 2329 1352 2404 penetralibus
1366 2346 1427 2386 esse
1441 2347 1447 2384 :

1032 2424 1126 2491 utpote
1141 2417 1246 2475 ricinus
1259 2417 1345 2493 igitur
1356 2417 1439 2482 latex,

1033 2505 1079 2562 ubi
1093 2505 1211 2579 adeptus
1224 2511 1268 2562 est
1281 2505 1397 2561 calorem
1412 2504 1571 2569 violentum,

906 2589 909 2596 “
1029 2593 1087 2666 jam
1099 2593 1171 2650 inira
1184 2609 1294 2650 manere
1309 2609 1364 2648 non
1378 2592 1473 2649 veiens

1031 2698 1139 2738 sursum
1154 2681 1275 2738 excurrit
1287 2679 1426 2755 copiosus.

1033 2770 1128 2826 Utrum
1143 2768 1246 2844 accipie
1260 2767 1446 2826 sententiam?
1462 2763 1599 2842 priorum?

1031 2857 1088 2914 Sed
1104 2874 1159 2915 non
1176 2857 1248 2914 hanc
1261 2855 1355 2930 accepi
1372 2874 1379 2913 :

1031 2946 1143 3004 alteram
1160 2945 1305 3003 assentior.

1031 3033 1106 3090 Odor
1120 3033 1191 3090 enim
1204 3039 1256 3100 est,
1269 3033 1354 3098 nosti,

1031 3119 1141 3188 foetens,
1155 3116 1410 3194 graviter-spirans,

1031 3208 1176 3282 perspicua
1191 3213 1335 3264 attestans.

1032 3297 1075 3354 Ita
1088 3295 1191 3370 prodiit
1204 3294 1331 3352 omuibus

1031 3383 1299 3458 calida-scaturigine
1314 3382 1456 3446 fluentum,

1032 3473 1214 3548 Hippocrates
1228 3468 1418 3545 non-spirans,

1031 3563 1091 3620 sine
1104 3569 1163 3618 arte
1175 3561 1305 3618 Galenus.

1031 3651 1119 3724 Hujus
1131 3657 1221 3707 autem
1233 3648 1272 3706 rai
1287 3647 1366 3714 tides,
1379 3644 1467 3700 insuia

1029 3739 1122 3813 iguem
1135 3754 1244 3794 aureum
1256 3735 1388 3792 exhalans

1029 3827 1115 3883 multo
1128 3825 1286 3884 trementem
1299 3821 1401 3888 sonitu,

1030 3915 1170 3988 multaque
1183 3911 1372 3971 commotione.

1029 4003 1089 4059 Scit
1102 4003 1173 4060 ferre
1187 4001 1254 4059 talia

1032 4091 1155 4149 Atitania
1169 4090 1278 4158 Mediae,

1033 4189 1061 4238 et
1073 4180 1185 4241 Persica
1199 4178 1315 4243 Pittaco,

1031 4277 1060 4325 et
1074 4268 1161 4344 Lydia
1174 4267 1251 4323 dives

1028 4365 1109 4414 terra
1123 4350 1479 4413 habentis-aurea-metalla.

1027 4443 1083 4500 Sed
1098 4441 1245 4500 Herordeee
1258 4440 1398 4497 columnas

1029 4535 1103 4589 ultra
1117 4529 1281 4587 esse-solent
1293 4527 1417 4602 plurima.

1028 4621 1104 4678 Citra
1117 4625 1209 4676 autem
1222 4617 1250 4674 iu
1265 4615 1422 4673 Pithecusis

1028 4714 1057 4764 et
1070 4707 1171 4782 Lipara
1186 4705 1275 4763 insula

1029 4798 1165 4854 obscurus
1177 4801 1222 4854 eat
1236 4795 1339 4853 halitus

1029 4885 1076 4958 qui
1090 4891 1173 4941 noctu
1187 4882 1404 4940 omnino-lucens

1029 4972 1114 5031 mittit
1127 4971 1234 5046 lapides
1248 4971 1386 5027 sulfureos

1030 5062 1321 5134 multum-strepentem
1338 5054 1577 5122 tonitrui-similes,

1028 5149 1099 5206 visui
1111 5148 1201 5205 omnia
1214 5153 1408 5203 monstrantes.

1030 5241 1101 5296 Sunt
1115 5243 1205 5294 autem
1222 5224 1307 5310 parva
1321 5233 1375 5290 ista
