3882 6080
678 331 803 392 CAPUT
825 331 873 392 Vl.
897 330 1086 391 ORACULA.
1613 335 1667 392 tat

99 469 223 614 ρλογμθς
237 469 386 545 ἀπιιρέσιος
399 471 566 542 κινούμενος,
585 465 700 529 ἄπλετος
714 467 791 524 atui.
912 468 1018 522 llamma
1032 466 1137 522 infinita
1151 484 1211 522 sese
1224 485 1344 534 movens,
1361 467 1520 524 immensum
1540 487 1633 524 erum.

106 577 112 596 ι

120 576 161 612 στι
173 552 198 610 δ’
212 557 251 609 tn
268 557 431 631 μακάρεσσιν
446 555 601 630 ἀμήχανος,
616 555 639 608 εί
656 553 694 629 μὴ
711 553 806 606 tauro
911 554 1062 610 Estautcm
1076 554 1225 610 intendens
1240 555 1430 620 intractabilis,
1445 556 1498 610 nisi
1511 557 1631 628 seipsum

100 642 202 720 βουλὰς
218 640 384 718 βουλεύορσι
395 643 485 718 πατὴρ
504 645 597 717 μέγας,
614 643 648 704 ὡς
662 637 810 696 ἐσιδέσθαι·
910 642 1023 697 consilia
1034 641 1181 714 agitaverit
1195 647 1274 716 pater
1284 659 1412 716 magnus,
1428 649 1460 697 ut
1473 643 1597 698 viderent
1615 662 1622 696 ι

13 779 14 784 ,
75 731 160 794 stuba
171 751 216 786 κεν
228 728 285 785 οὔτ’
300 726 381 806 αἰθὴρ
394 733 468 806 φέρει
482 731 594 806 ἀστέρας
609 728 815 805 ἀγλαορεγγεῖς,
910 728 957 784 ubi
979 746 1067 802 neque
1095 729 1181 784 aether
1203 730 1257 786 lert
1274 731 1366 787 stelles
1388 730 1672 804 splendidam-lucem·

1516 821 1669 891 [habentes.

97 907 157 962 οδτε
173 905 306 977 σεληναίη
319 904 506 982 λιγυρεγγέτις
519 908 665 983 αἰωρεῖται.
910 923 997 979 neque
1007 907 1072 962 luna
1083 905 1379 978 arguta-luce-lulgens
1393 905 1524 963 imminet.

97 995 134 1050 Οὐ
150 993 211 1058 θεθς
225 997 328 1050 ἀντιάει
341 995 400 1050 κατ’
416 997 573 1071 ἀταρπιεάν,
591 990 649 1049 οὐδ’
666 995 718 1070 ἐγὼ
733 992 814 1056 αθτθς
911 995 973 1048 Non
992 994 1060 1050 deus
1079 995 1197 1049 occurrit
1215 1012 1264 1067 per
1279 993 1361 1063 mam,
1385 1012 1474 1066 neque
1488 1012 1539 1067 ego
1554 994 1613 1067 ipse
1632 998 1672 1051 sol

96 1086 198 1138 ἀκτῖσιν
213 1083 311 1138 συνιὼν
324 1079 509 1157 έπικέδναμαι,
525 1078 702 1159 αἰθεροδινής,
911 1081 995 1137 radiis
1013 1097 1134 1154 presens
1156 1082 1332 1148 me-effundo,
1348 1099 1397 1154 per
1416 1081 1670 1152 atheram-vertigi-

97 1170 170 1226 ἀλλὰ
184 1169 262 1225 πέλει
274 1174 387 1248 πυρσοῖο
405 1169 467 1224 θεοῦ
484 1173 664 1246 περιμήκετος
676 1168 780 1240 αὐλών,
911 1171 959 1224 sed
972 1176 1014 1225 est
1028 1168 1101 1242 ignei
1116 1168 1160 1224 dei
1175 1170 1330 1243 praelongos
1345 1170 1447 1232 dveus,
1525 1173 1668 1240 [ne-actua,

63 1259 182 1335 ιοὲριτων
198 1255 331 1333 είλίγδην,
348 1254 532 1335 ροιζούμενος.
550 1256 589 1312 Οὐ
609 1257 655 1332 μέν
672 1257 772 1312 ἐκείνου
911 1257 1040 1331 gradiens
1061 1255 1217 1312 volubiliter
1237 1255 1593 1329 pree-celeritatestrepens.
1609 1257 1669 1312 Non

1464 1344 1583 1416 [quidem
1598 1343 1670 1398 illum

95 1434 237 1512 ἁψάμενος
250 1435 334 1511 πυρθς
348 1431 466 1512 αἰθερίου
482 1432 582 1490 δαίσειέ
595 1453 634 1498 τις
647 1431 731 1512 ἦτορ·
911 1432 934 1488 si
949 1431 1010 1504 quis
1026 1430 1165 1504 attigisset
1178 1430 1269 1504 ignem
1285 1431 1437 1494 etherium,
1455 1438 1545 1485 ureret
1558 1439 1669 1502 pectus:

95 1525 188 1600 οὐγὰρ
201 1525 259 1600 ἔχει
272 1521 370 1577 δαίειν·
386 1519 487 1599 ἀζηχεῖ
501 1520 525 1577 δ’
540 1524 567 1576 έν
584 1520 749 1598 μελιδηθμῷ
910 1519 1041 1574 nonenim
1050 1519 1194 1590 habetque
1206 1517 1467 1591 urahcontinuaque
1476 1517 1670 1573 exercitatione

96 1611 159 1664 αἰὼν
174 1612 268 1665 αίῶσιν
284 1612 455 1686 έιτιμίγνυται
469 1613 498 1664 έκ
512 1608 575 1666 θεοῦ
589 1611 685 1666 αὐτοῦ.
910 1623 995 1662 aerum
1010 1623 1067 1661 arro
1081 1605 1247 1662 immiscetur
1259 1605 1390 1680 incipiens
1403 1623 1420 1660 a
1434 1606 1484 1660 deo
1501 1605 1573 1677 ipso.
1601 1605 1670 1675 [sus,

12 1713 13 1760 j
95 1699 246 1773 Ιλθτορυῆς,
267 1696 421 1762 ἀδίδακτος,
439 1701 566 1775 ἀμήτωρ,
581 1695 788 1774 ἀστυρέλικτος,
910 1695 951 1748 Ex
972 1700 1103 1759 se-ortus,
1123 1694 1316 1758 non-edoctus,
1340 1693 1398 1749 sine
1414 1701 1510 1756 matre,
1531 1693 1671 1747 inconcus·

12 1777 13 1846 ἶ
60 1807 84 1853 15
95 1786 202 1862 οὔνομα
219 1785 290 1863 μηδέ
304 1785 379 1863 λόγῳ
393 1789 579 1864 χωρούμενος,
599 1787 626 1840 έν
641 1787 706 1862 πυρὶ
719 1787 813 1853 ναίων,
909 1798 997 1854 neque
1012 1781 1101 1853 quoad
1115 1797 1213 1836 nomen
1234 1778 1318 1837 verbo
1338 1780 1447 1854 quidem
1468 1779 1627 1852 capiendus,
1644 1778 1671 1831 in

1441 1868 1516 1940 [igne
1531 1867 1668 1930 habitans,

93 1967 172 2022 τοῦτο
188 1961 258 2027 θεός·
278 1963 359 2040 μικρὴ
380 1960 408 2017 δὲ
426 1965 499 2040 μερίς
516 1961 578 2018 θεοῦ
595 1960 709 2038 ἀγγελοι
720 1963 813 2036 ἡμεῖς.
909 1957 961 2013 hoe
975 1958 1043 2012 deus
1056 1957 1229 2014 eet:modica
1241 1963 1331 2012 autem
1345 1957 1388 2013 dei
1403 1957 1492 2029 portio
1507 1955 1594 2011 nuntii
1607 1972 1667 2010 nos.

185 2114 253 2170 lll.
276 2110 487 2168 ΑΠΟΛΛΩΝΟΣ
509 2109 760 2168 ΣΑΡΠΗΔΟΝῙΟΥ.
1031 2101 1546 2159 ttr.APOLL1NISSAttPEDONtt.

386 2225 564 2292 Παλμυρηνοῖς.
1201 2208 1372 2272 Palmyrenis.

12 2323 13 2394 i
91 2332 167 2410 ἔξιτέ
186 2367 235 2422 μευ
253 2349 387 2423 μεγάρων,
405 2348 590 2421 ἀπατήμονες,
609 2342 700 2399 οθλιοι
715 2341 818 2422 ἄνδρες,
909 2330 986 2386 Exite
1000 2329 1067 2384 meis
1082 2328 1197 2394 edibus,
1213 2330 1388 2402 impostores,
1404 2325 1549 2400 perniciosi
1564 2326 1624 2394 riri,

12 2423 13 2434 ἶ
91 2432 196 2510 ράτλης
207 2433 347 2490 ἀθανάτων
362 2431 497 2511 ἐρικυδέος
511 2431 685 2509 ἀλγυνιῆρις,
909 2437 996 2494 genus
1010 2419 1200 2475 immortalium
1210 2417 1357 2492 gloriosum
1370 2415 1667 2472 molestia-afficientes.

342 2586 408 2642 tta.
431 2592 604 2642 rornrror.
1173 2569 1231 2622 tta.
1254 2573 1398 2619 suusnuu.

198 2699 394 2760 Πννθαναμὲναιέ
411 2697 459 2746 τιαλ
474 2698 530 2761 περὶ
544 2698 587 2756 τῆς
598 2694 749 2762 Αὐρηλιανοῖι
940 2699 1164 2764 Interrogantibus
1176 2699 1331 2764 quibusdam
1344 2699 1376 2748 de
1389 2697 1526 2748 Aureliani
1541 2707 1632 2746 contra

279 2774 343 2820 κατὰ
359 2772 534 2837 Παλμνμηνοὺε
548 2774 687 2837 στρατεῖαι·
1111 2783 1283 2845 Palmyrenos
1294 2779 1466 2845 expeditione.

90 2895 188 2970 Klimi
200 2895 332 2969 ‘illi‘leil
347 2893 417 2968 ttiil
432 2895 497 2967 λόον
511 2888 662 2968 'illlam
907 2909 986 2964 Falco
997 2908 1127 2964 columbis
1136 2925 1251 2973 sacrum,
1263 2911 1307 2964 te.
1318 2907 1465 2978 ingentem,
1476 2907 1577 2962 luctum
1586 2907 1669 2962 addu-

88 2979 144 3045 ⁰l⁰<
155 2979 308 3057 πολλθσῑΨ
322 2983 367 3035 ταὶ
381 2978 410 3035 ii
425 2983 564 3058 timum
578 2983 679 3056 θῦλῆα·
907 2997 980 3053 eolus
996 2997 1088 3053 multis
1108 3014 1114 3051 :
1129 2997 1171 3052 hie
1183 3003 1272 3052 autem
1288 2995 1400 3050 horrent
1413 2993 1571 3050 occisorem.
1592 2995 1667 3066 [cens

137 3131 207 3189 1⁴3.
229 3129 441 3186 λαῡλλανον
462 3128 529 3185 νον
548 3129 803 3189 mnunuomor.
1021 3147 1080 3201 ιιι.
1101 3143 1289 3200 ινοιιιινιε
1309 3143 1559 3200 cunucnnunu.
1660 3197 1664 3205 .

87 3256 154 3326 Ᾰλλ’
172 3273 274 3326 ὁπόταν
287 3274 394 3346 νύμφαι
407 3266 523 3348 δμοοορῇ
536 3271 606 3324 w&
620 3271 686 3324 ἆοον
699 3272 797 3347 χοροῖο]
904 3279 960 3336 Sed
975 3279 1084 3351 quando
1104 3277 1236 3349 Nymphae
1250 3276 1358 3331 roscida
1376 3294 1425 3349 per
1440 3275 1533 3330 urbem
1549 3277 1650 3333 chorea

87 3363 256 3436 τερπόμεναι
267 3357 433 3436 στρέψαντα
447 3357 589 3434 limatas
602 3357 661 3411 κατ’
678 3359 783 3433 ἀγυιὰς,
904 3357 1057 3439 gaudentes
1070 3365 1252 3427 versabuntur
1266 3364 1460 3419 bene-ornatas
1479 3381 1529 3436 per
1544 3364 1612 3432 vias,

86 3451 132 3501 καὶ
143 3451 234 3522 τεῖχος
247 3445 373 3522 λοντροῖο
387 3443 553 3500 πολύοοονον
569 3446 674 3500 ἕοοαταν
686 3446 785 3523 ἄλκαρ,
904 3462 931 3510 et
945 3472 1038 3510 murus
1048 3451 1275 3524 multos-gemitus
1287 3451 1404 3505 atterens
1422 3451 1526 3506 balneis
1539 3451 1665 3524 eritprae·

1556 3539 1664 3606 sidium,

84 3624 119 3712 δὴ
136 3629 198 3680 τότε
217 3627 299 3700 μυρία
311 3623 385 3700 ρῦλα
398 3622 589 3701 πολυσπερέων
604 3621 750 3701 ἀνθρώπων
899 3633 1026 3703 jamtunc
1034 3627 1152 3702 plurimrs
1159 3625 1663 3702 gentcslatcdispersorumhominum,

63 3715 179 3791 έίστρου
194 3711 354 3790 καλλιρόοιο
365 3715 449 3789 πόρον
464 3715 600 3789 περάοντα
614 3714 661 3766 σὺν
676 3713 779 3788 αἰχμῇ,
902 3718 965 3774 lstri
978 3715 1196 3790 pulcre-liuentis
1210 3719 1307 3774 vadum
1320 3713 1487 3789 trajicientes
1498 3731 1557 3768 cum
1574 3714 1663 3781 hasta,

84 3805 131 3856 καὶ
145 3800 282 3872 Σκυθικὴν
297 3801 386 3856 ὀλέσει
399 3805 494 3878 χώρην
508 3802 555 3856 καὶ
568 3798 676 3856 Μυσίδα
686 3804 778 3876 γαῖαν.
902 3813 930 3861 et
943 3804 1101 3880 Scythicam
1112 3806 1228 3879 perdent
1238 3803 1376 3876 regionem
1389 3810 1417 3858 et
1426 3802 1541 3876 Mysiam
1551 3807 1663 3861 terrum.

86 3892 217 3960 Παιονίης
231 3887 255 3943 δ’
271 3887 404 3963 ἐπιβάντα
419 3892 465 3943 σὺν
482 3887 571 3944 ἐλπίσι
588 3891 782 3966 μαινομένῃσιν
903 3894 1039 3951 Peoniam
1055 3895 1103 3950 sed
1118 3893 1187 3949 enim
1207 3894 1412 3964 ingressorum
1427 3909 1476 3963 spe
1490 3893 1596 3956 insane,

85 3980 170 4032 αὐτοῦ
185 3979 233 4032 καὶ
249 3975 351 4051 βιότοιο
365 3975 443 4040 τέλος
455 3979 502 4030 ναλ
516 3973 592 4053 δῆρις
607 3971 703 4054 isliu·
902 3983 941 4038 ibi
956 3990 984 4039 et
997 3982 1060 4038 ritae
1074 3982 1136 4038 linis
1152 3989 1180 4037 et
1193 3980 1313 4054 pralium
1332 3997 1378 4035 eas
1390 3977 1539 4035 cohibebit.

269 4271 324 4318 tlt.
343 4282 478 4318 nonusis
495 4281 660 4316 suarenonn.
900 4280 957 4330 quea
967 4273 1053 4315 tamen
1065 4265 1133 4313 haud
1142 4271 1246 4313 cessant
1256 4263 1356 4312 hostem
1367 4263 1516 4322 exhorrere,
1525 4261 1661 4311 columbis.

385 4377 552 4442 Palmyrenis.
1497 4361 1559 4394 nuo.
1577 4359 1661 4393 eomr.

1076 4451 1132 4498 tta.
1151 4461 1289 4497 tensanus
1307 4461 1489 4496 curacenonn.

899 4543 1028 4605 Tempore
1042 4555 1092 4605 quo
1107 4539 1219 4604 liquidas
1234 4539 1372 4603 agitabunt
1386 4539 1449 4586 urbe
1463 4539 1582 4592 choreas,

898 4624 1009 4688 laetaque
1024 4622 1162 4673 subsilient
1173 4621 1270 4672 hilares
1285 4637 1332 4685 per
1346 4619 1461 4685 compita
1475 4620 1605 4684 nymphae,

898 4722 929 4756 ac
943 4706 1045 4756 funesta
1059 4706 1132 4756 dabit
1145 4721 1235 4754 murus
1248 4702 1393 4753 munimina
1405 4703 1525 4762 thermis,

367 4808 423 4857 142,
442 4821 564 4857 mm,
898 4799 959 4840 tuuc
973 4791 1052 4840 sortes
1068 4789 1157 4854 populi
1170 4788 1250 4837 variis
1265 4804 1278 4836 e
1292 4787 1413 4850 gentibue
1429 4787 1479 4836 orti

899 4873 1030 4938 trajicient
1042 4872 1122 4922 armis
1135 4871 1194 4921 latri
1207 4870 1327 4935 speciosa
1341 4871 1447 4929 fluenta,

898 4956 1085 5019 vaswbuntque
1098 4970 1175 5019 agros
1189 4956 1283 5004 Maesos
1295 4961 1373 5018 atque
1387 4966 1451 5002 arra
1462 4951 1625 5014 Scytharum.

898 5037 947 5088 Ast
961 5036 1006 5087 ubi
1017 5037 1181 5087 Pannoniam
1193 5035 1328 5099 attigerint
1339 5031 1441 5098 majora
1454 5041 1579 5098 parantes

84 5131 165 5180 Falco
181 5128 256 5194 praeit
268 5143 343 5180 sacro
358 5128 428 5178 luctu
441 5126 617 5192 compluribus
630 5139 705 5183 unus,
899 5120 946 5170 hos
961 5120 1015 5170 illic
1030 5120 1111 5170 tatum
1124 5129 1150 5170 et
1163 5119 1256 5170 Martis
1270 5117 1394 5168 violentia
1409 5117 1492 5166 sistet.
1567 5129 1651 5167 vanas

85 4510 206 4558 Fallaces
221 4505 354 4571 pravique,
367 4505 444 4554 domo
457 4503 582 4554 discedite
594 4512 694 4564 nostra,

83 4593 127 4657 qui
143 4590 222 4641 nimis
236 4605 317 4654 nsque
333 4603 425 4653 graves
437 4587 478 4638 din
491 4585 679 4638 immortalibus
692 4585 765 4635 estis.

635 4685 696 4719 arro.
713 4683 843 4719 nourrius.

169 4917 391 4983 Interrogantibus
409 4917 561 4982 quibusdum
579 4915 610 4964 dc
628 4913 763 4965 Aureliani

238 5005 327 5052 contro
344 4999 509 5064 Palmyrenos
526 4998 697 5062 expeditione.
