3866 6016
171 487 173 491 ,
229 451 284 508 386

228 579 271 630 blc
288 577 402 629 describi
420 577 535 628 tabulam
550 591 600 642 qua
614 575 719 641 depicta
733 583 789 626 erat
807 573 988 632 annuntiatio,

229 645 426 762 iiffebiinium
455 651 481 693 et
507 641 655 707 praesertim
679 649 762 706 poetae
790 639 990 690 admirationem

262 843 354 893 CCCL.
376 841 490 890 Cramer.
509 837 573 888 ibid.
600 854 626 902 p.
647 841 704 888 299.
720 839 827 888 Lemma
845 835 943 886 addidi.
959 863 990 872 -

228 909 290 1025 iia.
300 904 679 1022 inirinriiuedeaeiigmmmation
697 904 854 954 adverbum
873 901 989 951 deduxit.

679 444 936 506 ANTHOLOGIAE
956 443 1106 503 GRAECAE
1125 444 1352 504 APPliNDlCIS

1044 573 1106 624 lotio
1129 591 1207 639 quam
1228 573 1347 624 adhibuit
1375 573 1510 638 discipulis
1532 572 1587 623 suis
1605 574 1722 624 Christus
1740 581 1804 624 ante

1043 639 1111 690 diem
1125 641 1218 691 festum
1232 642 1335 704 pascha
1350 641 1436 704 (Joan.
1451 655 1506 700 xm,
1521 641 1556 702 9),
1570 639 1647 704 inque
1660 640 1734 704 cujus
1747 656 1804 690 me-

1043 705 1153 756 moriam
1168 708 1197 754 llt
1210 705 1362 756 caerimonia
1380 721 1438 770 qum
1451 705 1532 754 etiam
1548 715 1655 755 vocatur
1669 707 1740 756 Latia
1758 721 1804 770 pe-

1043 771 1105 822 dum
1118 771 1144 820 in
1154 771 1220 821 teria
1228 772 1319 836 quinta
1327 771 1495 822 hebdomadae
1505 770 1622 836 majoris.
1633 798 1664 808 -
1673 773 1733 822 Vss.
1750 773 1803 820 5-8.

1044 836 1166 901 Sequitur
1184 846 1260 902 poeta
1279 837 1311 888 D.
1331 838 1469 894 ioannem,
1484 835 1548 886 ibid.
1563 851 1569 885 :
1586 838 1611 885 9.
1632 837 1806 902 Ἐγιίρεταιέτι

1044 901 1088 952 τοῦ
1107 903 1203 952 δείπνου
1222 904 1264 952 aal
1281 905 1361 962 τίθησι
1381 905 1412 952 τὰ
1432 903 1525 964 ἱμάτια,
1546 901 1588 951 sul
1602 905 1681 952 taeta
1699 905 1805 960 λέντιον,

1044 969 1155 1025 διέζωσεν
1169 971 1264 1018 ἑαυτόν.
1281 973 1305 1020 δ.
1327 963 1386 1018 lilra
1399 967 1480 1033 βάλλει
1497 967 1562 1032 ὕδωρ
1586 971 1620 1024 οἱς
1634 969 1676 1017 τὸν
1690 971 1805 1032 νιπτῆρα,

1045 1035 1086 1082 aul
1103 1033 1193 1098 ἤρξατο
1208 1036 1296 1084 νίπτειν
1314 1035 1390 1089 πόδας
1408 1036 1456 1083 τῶν
1471 1035 1596 1096 palatiis,
1615 1035 1657 1084 aul
1670 1033 1807 1096 lipsiensis

263 1103 367 1154 CCCLI.
381 1103 496 1152 Cramer.
512 1100 576 1150 idid.
589 1117 614 1165 p.
628 1102 685 1150 299.
702 1101 809 1150 Lemma
818 1099 907 1150 addidi
922 1115 929 1147 :
945 1114 992 1163 per
1045 1101 1080 1162 τῷ
1092 1101 1176 1162 λεντίῳ
1185 1093 1241 1164 ᾧῆν
1250 1101 1417 1164 διεζωσμένος,
1427 1117 1451 1158 ν,
1465 1117 1488 1148 τ.
1501 1103 1524 1148 λ.
1534 1101 1632 1149 -Vss.
1648 1101 1700 1150 8·5.
1714 1099 1807 1149 Oratio

228 1171 315 1220 varios
327 1183 419 1218 sensus
433 1167 502 1216 vocis
512 1167 592 1225 Λόγος
605 1166 670 1216 ludit
682 1174 774 1231 poeta:
785 1167 866 1224 Λόγος
878 1166 992 1215 Verbum
1045 1165 1154 1214 vertitur
1167 1165 1200 1215 ad
1212 1165 1316 1216 Judam.
1328 1193 1360 1204 -
1369 1164 1407 1215 Cl.
1422 1165 1518 1214 Joann.
1534 1164 1596 1214 ibid.
1613 1181 1650 1214 vs.
1666 1167 1695 1214 29
1712 1180 1771 1230 sqq.

229 1243 270 1286 est
281 1235 395 1285 divinum
417 1233 485 1296 quod
501 1253 512 1276 a
529 1247 591 1281 caro
603 1232 700 1282 iactum
714 1239 763 1292 est,
780 1250 792 1276 ν
806 1231 850 1281 σὺν
866 1232 901 1293 τῷ
915 1230 990 1294 λόγῳ,

229 1303 248 1352 i.
263 1317 287 1351 e.
304 1302 349 1350 ubi
366 1321 379 1346 ι
395 1300 450 1349 Are
469 1317 481 1342 ν
496 1297 560 1346 dixit
576 1297 680 1362 Virgini
694 1297 818 1362 angelus3
833 1297 893 1360 ὑπὲρ
908 1296 990 1358 λόγον,

229 1367 300 1418 altra
325 1368 467 1423 rationari.
491 1363 559 1428 quod
580 1378 744 1428 nequaquam
763 1362 864 1412 ratione
890 1359 992 1426 concipi

230 1440 323 1498 potest
422 1480 425 1490 ,

263 1521 380 1616 CCCLIL
396 1563 512 1612 Cramer.
527 1559 590 1610 idid.
604 1573 630 1624 p.
647 1561 704 1609 299.
721 1559 828 1609 Lemma
842 1557 940 1608 addidi.

264 1693 393 1744 CCCLlil.
407 1693 524 1742 Cramer.
540 1690 604 1740 idid.
619 1691 718 1765 pum·
738 1689 781 1754 qui
793 1704 832 1739 vs.
848 1692 858 1738 l
877 1691 992 1764 ιχαίμοις

230 1761 259 1810 τό
272 1763 347 1826 ῥῆμα.
363 1778 388 1808 ν.
402 1775 425 1807 τ.
437 1761 458 1806 λ.
474 1758 581 1806 Lemma
597 1755 695 1806 addidi.
711 1784 741 1796 —
756 1756 801 1805 Vs.
817 1758 832 1804 2
845 1756 925 1806 babes
934 1770 991 1821 Jam

231 1827 257 1878 in
272 1829 356 1892 epigr.
372 1823 506 1890 superiore
521 1839 546 1872 n.
564 1825 623 1882 399,
635 1838 674 1870 vs.
690 1823 714 1873 9.

264 1956 393 2009 CCCLlV.
409 1955 524 2004 Cramer.
540 1951 603 2003 ibid.
618 1967 643 2017 p.
660 1954 717 2002 299.
730 1953 837 2002 Lemma
850 1951 948 2003 addidi.
958 1979 991 1990 -

231 2025 278 2074 Vs.
302 2027 326 2072 3.
349 2022 387 2072 Cf.
411 2019 554 2070 Claudiano
577 2019 694 2069 attributi
722 2019 851 2068 Carminis
870 2018 988 2069 Pasclral.

233 2089 327 2154 (epigr.
346 2087 425 2150 XLV)
446 2102 484 2136 vs.
508 2087 537 2134 99
560 2099 617 2150 sqq.
644 2099 650 2132 :
673 2083 796 2134 Mortalia
821 2085 901 2134 corda
924 2087 929 2146 Ι
953 2098 992 2134 ar·

232 2155 329 2206 tidcem
349 2161 434 2204 texere
457 2150 521 2216 poli,
542 2149 682 2215 mundique
701 2153 837 2215 repertor}
860 2165 921 2215 pers
944 2148 992 2199 luit

231 2217 338 2271 humani
364 2217 477 2284 generis,
497 2215 622 2282 latuitque
646 2215 694 2266 sub
714 2220 785 2278 uno!
807 2225 922 2281 pectore,
947 2215 991 2280 qui

232 2295 315 2336 totum
329 2287 383 2336 late
396 2281 578 2347 complectitur
588 2282 693 2341 orbem;
708 2283 713 2343 Ι
736 2289 771 2338 et.
787 2279 831 2346 qui
839 2297 892 2332 non
899 2281 992 2348 spatiis

233 2361 319 2410 terrae,
335 2365 387 2400 non
398 2347 511 2414 aequoris
524 2348 603 2411 unda,
619 2351 623 2410 Ι
647 2347 808 2413 aoncapitur
821 2347 993 2412 calqparvoe

233 2418 401 2474 conflatilia
415 2419 499 2476 artua,
513 2421 564 2463 etc.

267 2548 382 2598 CCCLV.
398 2547 514 2596 Cramer.
530 2543 592 2594 ibid.
611 2559 637 2608 p.
649 2545 707 2594 399.
722 2541 792 2594 Satis
804 2550 914 2610 apparet
925 2545 993 2595 hano

235 2613 314 2664 luisse
331 2613 447 2662 tabulam
469 2609 576 2674 pictam,
593 2609 636 2659 eui
649 2609 760 2660 sortasse
775 2609 929 2676 inscriptum
944 2610 993 2660 luit

235 2682 283 2730 hoc
297 2694 412 2730 carmen.
424 2704 455 2714 -
470 2677 516 2726 Vs.
528 2677 552 2727 2.
561 2677 653 2740 Λνχνίιι
667 2675 748 2739 Virgo
760 2675 875 2756 Deipara
888 2683 941 2736 est;
956 2675 990 2726 cl.

233 2747 299 2810 inlr.
314 2761 355 2810 ep.
372 2745 430 2804 393,
450 2745 473 2792 9.
487 2767 518 2779 ·-
530 2741 577 2791 Vs.
590 2743 615 2792 9.
630 2741 746 2790 Cramer.
760 2746 776 2800 ἡ
792 2744 911 2802 isiacae,
924 2741 992 2806 quod

234 2825 292 2860 cum
305 2825 334 2860 re
351 2823 402 2859 non
418 2804 554 2873 congruit3
570 2805 678 2856 correxi.
692 2833 726 2844 -
743 2808 789 2857 Vs.
803 2809 827 2858 9.
842 2809 930 2857 Verbo
947 2825 992 2858 σοι·

233 2877 341 2938 γηνιιίιιν
366 2875 545 2939 frequentare
567 2871 740 2988 scriptoribus
758 2872 909 2923 christianis
929 2873 991 2936 (rid.

236 2942 400 3005 Thesbarum)
417 2945 542 3003 usurpato
558 2937 612 2988 allu
632 2937 684 2988 itur
699 2938 833 2988 bominum
854 2937 994 3003 piscationi

235 3023 312 3073 quam
326 3005 452 3072 apostolis
465 3005 518 3054 suis
532 3002 661 3070 promittit
675 3004 763 3054 lesus.
780 3005 926 3066 Matthia,
947 3007 990 3065 99;

234 3075 316 3124 Maro.
330 3089 348 3134 ι,
366 3075 410 3132 99;
428 3072 491 3121 Luc.
507 3085 534 3128 ν,
551 3071 590 3120 99.
606 3069 711 3135 Duplici
726 3071 799 3120 verbi
812 3071 901 3133 λόγων,
913 3071 993 3133 λόγοις

235 3155 313 3190 sensu
324 3139 407 3190 facete
420 3137 510 3187 utitur.

267 3269 395 3321 CCCLVI.
412 3269 528 3318 Cramer.
543 3267 607 3317 ibid.
620 3283 645 3334 p.
666 3269 723 3328 999,
739 3269 846 3318 lamma
860 3267 949 3319 addidi
964 3283 993 3318 ex
1080 3303 1086 3316 .

1078 1305 1230 1356 CCCLXVI.
1247 1305 1363 1354 Cramer.
1379 1304 1442 1353 ibid.
1455 1319 1481 1368 p.
1495 1304 1553 1353 392.
1566 1303 1596 1352 In
1610 1303 1731 1353 lemmate
1742 1304 1810 1368 Πρό-

1044 1371 1135 1435 δρομος
1148 1371 1309 1420 esttounnes
1316 1369 1447 1434 Baptista.
1457 1370 1588 1432 θιολόγος,
1600 1369 1615 1418 J
1618 1384 1716 1418 oannes
1726 1385 1807 1419 evan-

1046 1435 1150 1500 gelista,
1160 1444 1187 1486 et
1195 1437 1385 1501 Χροσόσιομος,
1395 1436 1409 1485 J
1412 1449 1510 1484 oannes
1519 1435 1728 1498 chrysostomus.
1741 1437 1810 1484 Haeo

1045 1503 1172 1568 τμιστιχίο,
1193 1509 1222 1552 ut
1236 1501 1346 1560 videtur,
1365 1499 1493 1565 inscripta
1516 1501 1653 1564 legebatur
1672 1501 1700 1550 in
1714 1501 1826 1551 tabula-

1045 1573 1097 1617 trss
1112 1573 1217 1618 senatos
1230 1569 1345 1618 loannes
1360 1573 1575 1632 repraesentante.

1077 1699 1241 1749 CCCLXVII.
1266 1699 1383 1748 Cramer.
1408 1697 1471 1748 ibid.
1494 1713 1520 1761 p.
1544 1699 1602 1746 392.
1624 1697 1654 1747 In
1672 1696 1807 1756 lemmate.

1045 1765 1165 1825 θιολόγος
1176 1765 1291 1814 loannes
1308 1763 1470 1828 evangelista
1484 1773 1532 1824 est,
1548 1763 1615 1813 liber
1628 1777 1660 1813 ea
1673 1778 1730 1828 quae
1744 1763 1810 1814 dici-

1044 1837 1087 1879 tur
1107 1829 1275 1892 ’.9τιοκάλυ9ι;,
1291 1830 1309 1880 i.
1325 1845 1349 1880 e.
1365 1829 1502 1880 heiulatio.

1077 1969 1254 2022 cccnxvffl.
1267 1969 1385 2020 Cramer.
1398 1969 1462 2020 idid.
1479 1985 1506 2034 p.
1521 1970 1579 2020 392.
1595 1969 1746 2019 -Lemma
1759 1969 1809 2019 ad-

1045 2033 1098 2085 didi
1112 2051 1143 2086 ex
1158 2037 1331 2100 precedente,
1346 2051 1406 2086 cum
1419 2035 1468 2086 hoo
1480 2035 1564 2100 epigr.
1576 2036 1610 2085 ad
1622 2035 1742 2085 eumdem
1754 2034 1809 2085 diri

1043 2101 1153 2152 loannis
1165 2102 1260 2152 librum
1275 2101 1414 2167 pertineat.

1078 2232 1231 2282 CCCLXIX.
1245 2233 1361 2283 Cramer.
1377 2232 1441 2282 idid.
1457 2249 1482 2298 p.
1497 2233 1555 2282 399.
1567 2258 1597 2268 -
1613 2231 1659 2282 Vs.
1673 2234 1697 2282 l.
1709 2232 1810 2295 νύμφην

1044 2298 1153 2348 Sacram
1165 2298 1310 2364 Virginem.
1326 2327 1355 2336 -
1369 2300 1415 2348 Vs.
1429 2301 1453 2348 2.
1469 2295 1589 2349 Meminit
1603 2311 1692 2347 sacras
1704 2313 1809 2362 preces,

1045 2363 1197 2414 ubidicitur
1211 2364 1292 2429 Virgo
1310 2371 1395 2415 mater
1416 2365 1501 2416 lanua
1521 2363 1585 2413 celi.
1599 2389 1629 2400 —
1644 2363 1690 2414 Vs.
1706 2365 1732 2412 3.
1746 2364 1808 2413 sort.

1045 2429 1183 2494 legendum
1206 2432 1289 2492 λιίπιι,
1310 2445 1369 2480 cum
1390 2439 1485 2496 puncto
1506 2429 1534 2478 in
1555 2429 1606 2478 tlne
1627 2444 1682 2494 seq.
1704 2444 1808 2488 versus,

1045 2495 1140 2572 linquit
1159 2495 1262 2546 nullam
1280 2497 1406 2558 sidenem,
1425 2499 1474 2547 etc.
1497 2523 1527 2533 -
1549 2495 1595 2545 Vs.
1620 2497 1645 2544 9.
1667 2495 1808 2558 όίανγόιζιιν

1045 2560 1133 2612 lexicis
1146 2571 1172 2611 et
1183 2561 1234 2627 ipsi
1250 2561 1377 2612 Tlreeauro
1389 2561 1471 2612 deest.

1079 2699 1426 2752 commonueritis.
1441 2717 1467 2766 p.
1482 2701 1539 2750 399.
1557 2727 1588 2736 -
1603 2701 1649 2750 νε.
1664 2701 1688 2749 3.
1703 2699 1809 2764 Optime

1045 2768 1091 2818 sed
1103 2767 1155 2818 alio
1168 2782 1246 2818 sensu
1259 2767 1367 2824 Seneca,
1381 2767 1464 2832 Epist.
1478 2767 1524 2827 IV,
1537 2767 1566 2815 39
1583 2780 1589 2815 :
1605 2787 1618 2812 a
1630 2766 1742 2815 Animus
1754 2782 1810 2814 rec·

1046 2841 1096 2892 tus.
1114 2835 1208 2894 bonus,
1220 2847 1342 2898 magnus,
1355 2833 1425 2882 Deus
1444 2832 1470 2881 in
1487 2833 1602 2881 humano
1620 2847 1731 2896 corpore
1745 2833 1807 2882 bos-

986 2937 991 2950 .
1047 2899 1158 3014 Bitenas
1174 2907 1200 2948 et
1213 2896 1277 2948 ibid.
1291 2913 1298 2947 :
1315 2919 1327 2946 ι
1344 2897 1411 2956 Quid
1424 2897 1496 2948 aliud
1507 2911 1583 2947 voces
1597 2897 1714 2947 animum
1728 2913 1808 2962 quam

1071 2979 1131 3014 eum
1151 2963 1178 3014 in
1198 2965 1311 3014 humano
1333 2979 1443 3030 corpore
1464 2963 1609 3030 hospitem!
1632 2983 1645 3008 ν
1666 2991 1697 3001 -
1716 2963 1763 3014 νο.
1782 2966 1807 3014 9.

1045 3031 1141 3096 ineptae
1158 3031 1276 3096 argutiae.

1079 3170 1232 3221 CCCLXXl.
1248 3171 1364 3220 Cramer.
1379 3169 1443 3221 ibid.
1460 3185 1485 3235 p.
1500 3171 1557 3228 399,
1574 3167 1618 3234 qui
1635 3175 1694 3235 post
1707 3185 1776 3219 vers.
1793 3172 1807 3219 3

1046 3251 1151 3287 sensum
1165 3235 1270 3286 claudit.
1288 3264 1318 3274 -
1333 3237 1379 3286 Vs.
1396 3239 1420 3285 9.
1434 3237 1545 3286 sortasse
1559 3236 1696 3302 legendum
1707 3235 1748 3286 sai
1759 3251 1808 3300 pro

234 3336 349 3388 carmine
364 3335 535 3400 praecedente,
555 3334 623 3399 quod
646 3335 679 3383 ad
701 3335 820 3384 eumdem
841 3335 992 3397 Chrysosto·
1046 3320 1096 3352 ⁰⁰³·

233 3413 303 3452 mum
318 3399 449 3466 pertinere
459 3399 585 3460 videatur,
595 3415 653 3449 cum
668 3399 722 3449 Deo
737 3399 874 3450 adducitur
887 3407 914 3450 et
927 3415 992 3450 oom-

233 3469 378 3526 mandatur,
392 3465 460 3516 utin
473 3465 574 3516 ooelesti
586 3466 646 3516 aula
659 3465 743 3515 locum
757 3467 862 3516 babeat.

267 3598 408 3649 CCCLVlI.
423 3597 540 3648 Cramer.
550 3595 612 3647 ibid.
628 3613 655 3662 p.
666 3599 724 3648 399.
738 3596 776 3648 Cs.
787 3598 851 3648 Aur.
867 3596 992 3648 Prudent.

234 3665 356 3730 Diptych.
371 3663 462 3723 XLIII,
478 3675 502 3713 ν.
522 3663 569 3712 969
584 3677 632 3728 sqq
648 3678 654 3712 ι

234 3766 349 3809 Christum
363 3775 408 3806 non
422 3762 499 3806 tenuit
509 3773 600 3812 saxum.
613 3775 658 3806 non
672 3762 776 3806 claustra
788 3763 900 3820 sepulcrl;

235 3831 296 3862 mors
310 3815 342 3860 llli
357 3815 532 3872 devictajscet.
546 3815 647 3859 calcarit
657 3815 775 3872 abyssum.

269 3935 421 3987 CCCLVlll.
437 3935 552 3986 Cramer.
568 3935 631 3986 ibid.
666 3973 672 3994 ,
688 3938 746 3986 399.
762 3935 901 3996 Pictorem,
914 3943 944 3987 ut
957 3934 995 3985 vi·

236 4003 319 4060 detur,
331 3999 473 4065 alloquitur
489 4007 576 4064 poeta,
589 3999 633 4066 qui
646 3951 729 4052 ileum
765 4009 848 4052 atrem
862 4009 888 4052 et
907 4001 993 4053 Chris·

236 4081 289 4118 tum
301 4077 327 4118 et
341 4065 467 4132 Spiritum
481 4073 600 4140 sanctum
613 4067 729 4118 tabulae
759 4077 858 4118 nxerat.

267 4197 395 4276 cacam.
406 4198 523 4273 Cramer.
539 4196 603 4248 ibid.
617 4213 642 4264 p.
659 4199 717 4248 399.
732 4225 763 4236 -
777 4198 823 4248 Vs.
836 4201 884 4257 lat
897 4199 993 4263 ιιιιμδίσ,

235 4279 289 4328 cor,
299 4279 317 4315 ι.
331 4279 355 4315 e.
370 4277 482 4314 animus.

268 4394 384 4446 CCCLX.
400 4396 516 4444 Cramer.
530 4391 594 4444 ibid.
605 4410 631 4459 p.
647 4395 705 4444 399.
720 4421 751 4432 -
765 4394 811 4444 Vs.
823 4397 847 4445 9.
862 4395 890 4444 Τί
903 4395 993 4458 κοινόν,

237 4461 298 4528 quid
311 4461 420 4510 novuml
434 4459 463 4510 id
474 4464 513 4510 est
526 4459 639 4524 quidest
654 4459 723 4525 quod
737 4458 840 4510 mireris
850 4461 892 4511 l...

269 4591 397 4644 CCCLXI.
413 4593 529 4642 Cramer.
545 4590 608 4642 said.
622 4605 648 4656 p.
662 4593 720 4642 399.

268 4723 408 4774 CCCLXII.
424 4723 461 4773 Ex
476 4722 592 4772 Cramer.
607 4721 671 4772 ibid.
685 4739 711 4789 p.
727 4723 910 4784 399,Ρίοοοίιιι
923 4723 996 4775 dedit

236 4789 263 4840 in
279 4789 371 4854 suppl.
390 4791 406 4840 ό
424 4787 546 4840 l'Anlbcl.
561 4805 587 4854 p.
602 4790 658 4839 939.
678 4816 705 4827 -
720 4790 753 4840 V.
768 4791 794 4840 2.
809 4789 837 4840 id
853 4794 891 4842 est
905 4788 996 4840 divina

237 4869 339 4920 quaque
352 4855 524 4920 mente.quaei
535 4855 852 4921 speculo‚rellectiturDei
860 4855 995 4922 splendor.

269 4983 422 5035 cccnxffl.
435 4985 551 5036 Cramer.
563 4985 626 5038 idid.
641 5001 668 5052 p.
683 4989 741 5039 999.

271 5099 422 5151 CCCLXIV.
432 5101 547 5154 Cramer.
556 5101 618 5154 ibid.
632 5119 658 5168 p.
671 5105 733 5166 399;
750 5110 780 5155 ut
792 5105 933 5158 verisimile
947 5111 995 5166 est.

239 5167 264 5216 id
276 5167 372 5217 tabulae
386 5166 488 5218 cuidam
503 5167 578 5234 plotae
591 5167 745 5234 inscriptum
757 5170 813 5222 luit.

1081 3442 1245 3494 cccuxxn.
1267 3442 1383 3492 Cramer.
1403 3442 1467 3494 ibid.
1487 3458 1514 3508 p.
1530 3444 1586 3493 3⁰5.
1604 3469 1633 3480 —
1647 3443 1694 3492 Vs.
1713 3445 1728 3492 2
1745 3443 1809 3507 quid

1046 3507 1110 3558 velit
1122 3509 1228 3559 omnino
1241 3523 1284 3558 me
1296 3507 1371 3573 sugit,
1386 3524 1428 3558 me
1440 3508 1572 3623 praecipue
1584 3507 1650 3572 sugit
1664 3523 1716 3574 qua
1728 3509 1811 3559 ratio·

1047 3589 1080 3624 ne
1097 3589 1140 3624 res
1158 3575 1226 3624 inter
1240 3590 1268 3625 se
1287 3581 1474 3625 corrneotautur
1494 3591 1500 3624 :
1532 3574 1634 3624 ibenter
1651 3573 1808 3624 crediderim

1047 3641 1103 3690 heac
1120 3655 1177 3690 esse
1196 3641 1246 3690 duo
1260 3639 1408 3705 fragmenta
1424 3639 1520 3691 diversi
1533 3655 1626 3690 sensus
1643 3639 1730 3706 inepte
1743 3657 1808 3690 con·

1044 3707 1145 3772 juncta.

1081 3837 1257 3890 cccnxxth.
1274 3837 1389 3888 Cramer.
1406 3837 1469 3888 ibid.
1485 3854 1510 3902 p.
1524 3838 1581 3887 399.
1597 3837 1642 3888 νε.
1658 3840 1682 3896 9,
1693 3838 1812 3902 περιγρά-

1048 3920 1095 3964 οιι,
1116 3903 1238 3964 irtcladit,
1258 3903 1333 3958 τύπος
1356 3904 1445 3968 templi
1467 3904 1552 3970 ligura
1572 3909 1621 3964 est,
1642 3910 1755 3968 septum.
1776 3931 1810 3940 -

1048 3969 1094 4019 Vs.
1108 3969 1132 4018 9.
1153 3967 1231 4019 Fides
1248 3969 1290 4018 vel
1312 3967 1405 4018 calum
1425 3968 1582 4035 assequitur.
1598 3969 1681 4019 AEdes
1696 3969 1728 4019 de
1755 3985 1811 4034 qua

1047 4035 1104 4084 haec
1116 4034 1213 4100 scripta
1227 4041 1296 4092 sunt.
1311 4035 1468 4100 archangelo
1480 4034 1604 4086 Michaeli
1616 4034 1736 4085 dedicata
1749 4050 1812 4085 esse

1048 4101 1156 4152 ridetur.
1171 4099 1230 4150 Vid.
1249 4099 1309 4149 inlr.
1326 4115 1353 4148 n.
1369 4102 1426 4162 999,
1440 4116 1477 4151 νε.
1493 4104 1518 4151 5.

1081 4231 1256 4283 CCCLXXIV.
1271 4231 1387 4283 Cramer.
1403 4231 1467 4282 idid.
1481 4247 1507 4296 p.
1524 4233 1581 4282 399.

1081 4363 1245 4414 CCCLXXV.
1261 4363 1377 4414 Cramer.
1392 4363 1455 4414 idid.
1472 4379 1497 4428 p.
1515 4364 1572 4412 399.
1588 4361 1691 4412 Referri
1705 4361 1815 4414 ridetur

1048 4430 1081 4479 ad
1093 4429 1208 4478 tabulam
1221 4427 1318 4492 pictam
1330 4445 1382 4495 qua
1398 4430 1636 4494 repraesentabatur
1650 4429 1682 4477 D.
1700 4429 1812 4490 Petrus,

1066 4509 1124 4544 uem
1145 4494 1171 4543 in
1192 4493 1284 4544 caelum
1305 4501 1331 4544 et
1351 4494 1378 4544 in
1399 4509 1457 4544 eam
1478 4509 1556 4560 quam
1577 4502 1671 4544 vocant
1690 4493 1815 4546 abraam

1048 4509 1199 4620 irriserant,
1212 4561 1341 4625 reciperet
1352 4560 1480 4621 Christus,
1493 4559 1656 4610 adstantibus
1668 4560 1773 4624 angelis
1787 4571 1817 4610 et

1048 4626 1133 4676 Matre
1152 4633 1178 4675 et
1194 4625 1222 4675 S.
1235 4625 1336 4676 Joanne
1357 4627 1487 4690 Baptista.
1502 4627 1537 4675 Τὸ
1556 4627 1607 4688 φῶς
1622 4625 1741 4676 Christus
1756 4635 1813 4686 est,

1048 4705 1137 4741 rerum
1157 4690 1254 4752 lunare,
1271 4691 1359 4758 λύχνος
1376 4694 1537 4752 Praecursor,
1552 4693 1575 4742 ol
1593 4691 1648 4748 νότς
1664 4692 1764 4757 Angeli
1787 4703 1816 4744 et

1047 4757 1132 4823 λυχνία
1145 4755 1194 4806 Dei
1205 4763 1297 4808 mater.

1083 4887 1258 4937 cchxttVI.
1273 4887 1388 4938 Cramer.
1401 4888 1464 4939 ibid.
1479 4903 1504 4954 p.
1519 4891 1566 4939 399
1579 4903 1618 4954 sq.
1632 4888 1756 4951 Κοίμησις
1767 4888 1818 4940 hic

1050 4953 1182 5017 significat
1200 4961 1321 5013 mortem,
1342 4968 1421 5018 quam
1440 4955 1472 5004 de
1491 4955 1545 5006 suis
1565 4961 1593 5005 et
1610 4952 1759 5019 prasertim
1780 4955 1818 5006 ds

1049 5018 1150 5134 νίτχίιιο
1170 5019 1218 5068 Dei
1236 5026 1319 5070 matre
1338 5019 1390 5070 dici
1408 5021 1532 5070 nolebant
1548 5018 1699 5078 Christiani,
1715 5025 1817 5085 utpote

1051 5085 1094 5148 qui
1114 5099 1144 5134 us
1159 5083 1295 5135 ridebatur
1312 5101 1383 5136 mors
1398 5100 1455 5135 esse
1472 5101 1578 5136 somnus
1596 5101 1626 5136 ex
1640 5100 1690 5150 que
1708 5085 1817 5137 Resur-

1051 5147 1174 5200 rectionis
1190 5149 1232 5199 die
1247 5149 1441 5212 arcitenentum
1460 5152 1552 5201 eadem
1565 5151 1667 5201 ratione
1685 5161 1817 5203 coemete-

1051 5215 1129 5276 riu'm,
1148 5217 1316 5282 κοιμητήριον,
1338 5216 1412 5282 quasi
1433 5217 1614 5268 dormitorium
1638 5219 1819 5282 appellabant

272 5297 412 5349 eccm,
425 5298 541 5350 emmer,
557 5299 619 5351 ,χχχ
634 5315 660 5366 Ρ,
675 5303 734 5356 ³⁰1.
749 5304 842 5372 χιχτχρ
854 5313 893 5355 w
907 5305 1001 5370 pedum
1051 5295 1214 5334 communem
1228 5281 1368 5347 sepulturae
1382 5297 1486 5333 suorum
1504 5283 1599 5334 locum.
1618 5283 1648 5333 ln
1668 5285 1821 5348 quamdam
