3882 6080
688 374 727 432 IN
749 373 873 432 CAPUT
894 373 919 432 V
941 375 1169 436 ANNOTATIO.

144 510 227 562 πισὸν
245 508 278 564 τίς
291 506 364 558 νόσον
366 540 416 556 .....
429 504 550 571 περίαπτα
563 503 644 553 λαθεῖν
658 503 755 561 ίπιίοθη
772 501 814 551 καί
829 518 902 566 μετο-

143 577 273 641 γινιόσκτιν
291 573 328 636 ίφ’
348 565 386 627 οίς
403 572 584 634 ίπλημμίληστν
602 571 635 624 είς
654 570 683 618 τό
701 570 764 618 laica
767 602 818 617 .....
840 569 905 620 atla

144 641 187 692 aci
199 638 233 698 ὣς
247 639 399 704 κατέστρεψε
415 636 457 685 καί
471 636 543 698 ἡμεῖς
559 634 634 684 αὑτὸν
650 633 730 689 οὕτως
744 635 903 709 ᾐτιασάμεθα·

143 709 228 758 Βίωνα
248 706 302 758 κτλ.
324 731 355 742 -
381 700 447 752 «Hi
465 715 555 751 versus
573 698 602 750 in
627 697 757 764 superiori
781 697 905 756 editione,

144 788 199 823 non
212 771 240 821 in
254 775 326 820 σιτία
344 766 432 834 spatia
449 764 591 824 distributi,
608 765 654 815 sed
670 764 762 814 soluta
780 763 907 814 orationis

144 853 219 888 more
238 833 330 912 scripti
348 840 431 883 erant.
445 833 530 892 Quum
545 841 633 882 autem
648 829 794 880 videremus
812 831 908 894 ubique

144 901 259 954 iambico
272 901 383 950 dimetro
395 895 605 948 anacreonticum
615 895 737 962 subjungi
751 895 850 962 placuit
863 911 908 946 eos

144 985 197 1034 quo
212 967 283 1017 vides
295 965 372 1016 modo
385 963 545 1028 distinguere
559 981 572 1008 ν
588 975 596 1014 t

212 1077 301 1140 [Βίωνα
314 1074 356 1122 τόν
368 1072 552 1139 Βορυσθενίτην,

246 1137 273 1191 ὃν
286 1141 374 1204 ίρυσεν
387 1142 404 1198 ἡ
416 1138 502 1194 Σκυθίς
512 1133 565 1194 nia,
579 1135 644 1200 κτλ]
658 1135 689 1186 Η.
704 1134 792 1200 Siepit.

146 1262 245 1311 Postea
263 1276 295 1310 ex
308 1257 462 1324 quibusdam
476 1253 661 1320 Aristophanis
676 1253 794 1304 versibus
810 1250 911 1303 addidit

146 1327 296 1391 Stephanus
312 1340 318 1374 :
336 1345 349 1372 ιι
364 1325 440 1374 Nunc
452 1321 534 1387 igitur
549 1329 621 1370 tuum
633 1319 711 1370 luerit
723 1317 758 1380 (si
771 1318 910 1382 videbitur)

145 1393 196 1442 hos
208 1405 310 1456 quoque
324 1390 417 1440 ecdem
429 1389 507 1438 modo
520 1385 654 1452 copulare,
667 1385 705 1436 ita
718 1381 855 1436 scribendo
869 1397 876 1436 :

180 1491 263 1542 Βίωνα
275 1491 317 1540 τόν
330 1489 507 1554 Βορυσθενίτην
521 1484 548 1538 όν
559 1487 646 1549 όρυσεν
657 1489 673 1544 ἠ
686 1485 772 1541 Σκυθίς
783 1479 835 1542 aia,

180 1558 256 1620 λέγειν
271 1557 396 1618 άκοόομεν
408 1554 478 1610 θεοὺς
490 1556 523 1608 ὡς
537 1554 605 1603 οιίόίν
620 1554 679 1602 τίσιν
694 1553 781 1608 όντως.
793 1554 848 1602 κτλ.

147 1675 223 1732 Quod
243 1673 398 1738 approbavit
417 1670 572 1728 Salmasius,
588 1669 631 1721 Ad
652 1670 733 1720 Solia.
753 1685 779 1734 p.
801 1671 863 1728 52i3
884 1675 912 1720 at

147 1743 251 1804 Tanaq.
264 1741 352 1790 Faber
361 1737 442 1804 priori
456 1735 583 1802 Stephani
594 1734 711 1802 opinioni
723 1735 910 1796 consentiebat,

147 1812 312 1872 repugnante
322 1803 451 1869 Hesychia
461 1801 563 1853 Milesio
575 1817 618 1867 ap.
629 1816 705 1866 quem
717 1817 722 1850 :

266 1908 345 1956 Βίωνα
356 1905 532 1972 Βορυσθενίτην
541 1903 633 1966 ξουθή
644 1903 729 1959 Σκυθλς
740 1895 792 1953 αία.

149 2017 236 2066 -Va
248 2019 273 2066 2.
288 2015 350 2066 Cod.
360 2016 517 2079 Regdrsec,
530 2011 598 2068 ὄντες
611 2027 653 2078 ap.
666 2013 778 2075 Hesyoh.
789 2038 819 2050 —
832 2011 911 2062 Vsl.

148 2081 220 2132 Edit.
229 2082 355 2145 Stephan.
367 2083 438 2146 οίπιρ
450 2079 522 2138 θιοίς,
533 2077 594 2128 edit.
608 2077 691 2128 Lond.
705 2077 772 2136 in·i⁰‚
784 2075 806 2128 ai
816 2079 867 2134 τοῖς
877 2081 911 2138 θ.;

150 2147 235 2198 Basii.
246 2145 269 2197 οί
281 2147 352 2207 broie,
360 2147 471 2196 rnaie.-
481 2145 571 2195 Vedii.
582 2143 713 2194 ed.Lond.
726 2145 840 2204 Ἤλιτον,
850 2150 911 2193 cett.

149 2227 242 2264 omues
250 2211 342 2262 etcod.
353 2212 420 2275 Reg.
429 2211 512 2272 ἤλιτον
526 2209 595 2274 quod
604 2208 701 2273 legitur
712 2217 738 2259 et
745 2224 788 2272 ap.
799 2209 912 2272 Hesych.

150 2308 182 2316 —
193 2279 240 2328 Vs.
255 2280 294 2326 ii.
307 2275 458 2327 «Existimo
469 2275 700 2340 Bionemquodam
712 2289 818 2324 sucrum
831 2273 912 2339 scrip-

151 2353 237 2395 torum
258 2344 316 2394 loco
337 2357 395 2406 quae
415 2342 503 2392 amula
524 2341 680 2390 interierunt
697 2355 743 2390 eos
761 2339 851 2390 risisse
869 2338 913 2405 qui

150 2411 290 2460 crederent
303 2407 353 2457 ista
366 2409 487 2472 περίαπτα
501 2405 587 2470 (Diog.
600 2407 687 2456 Laert.
699 2405 735 2456 ib.
745 2407 787 2470 όί)
800 2405 913 2470 aliquam

150 2477 249 2526 habere
263 2474 324 2522 vivn.
338 2474 407 2524 Sane
420 2487 464 2538 ap.
479 2473 613 2522 Plutarch.
625 2473 662 2521 Ile
671 2472 808 2537 Superstii.
824 2469 914 2521 Bionis

151 2549 237 2591 exstat
253 2541 326 2590 iocus
343 2539 412 2587 unde
430 2539 480 2588 boc
497 2537 598 2588 videtur
617 2552 692 2601 posse
712 2535 801 2601 colligi
820 2551 827 2588 :
850 2539 874 2586 al
888 2537 914 2586 ὀί

150 2613 226 2673 γρᾶες
236 2605 345 2669 καθάπερ
359 2605 473 2666 παττάλῳ
490 2604 561 2668 ρησίν
576 2607 590 2654 ό
603 2605 676 2662 Βίων,
691 2605 714 2661 ll,
730 2619 753 2652 τι
765 2601 793 2654 άν
808 2603 914 2668 τύχωσιν

151 2673 222 2735 αὐτῷ
235 2671 396 2733 περιάπτουσι
411 2671 528 2734 φέρουσαι
543 2670 584 2718 καί
599 2670 758 2734 περιαρτῶσι.
776 2668 917 2732 Eleganter

152 2739 235 2802 igitur
247 2735 324 2798 Diog.
339 2735 372 2784 ad
386 2734 477 2784 Bionis
493 2735 573 2784 verba
591 2733 745 2800 respiciens,
763 2749 822 2783 eum
838 2733 914 2792 ridet,

152 2813 180 2853 et
202 2800 385 2852 inconstantia
405 2801 499 2850 acerbe
520 2807 635 2850 accusat.
657 2817 670 2843 ν
692 2801 725 2849 is.
749 2798 863 2848 casaub.
882 2825 915 2837 -

151 2869 200 2920 Vs.
220 2869 260 2916 12.
279 2865 408 2917 Salmasio
423 2865 517 2931 piacet,
533 2863 691 2915 assentiente
706 2865 837 2929 Menagio,
855 2867 915 2914 κόσ-

151 2952 211 2984 τισι.
224 2934 293 2983 Ante
303 2931 427 2995 Stephan.
435 2934 604 2992 πεπεισμένος,
617 2931 685 2994 quod
698 2933 916 2996 prostrastratum

155 3021 167 3046 ιι
180 3000 299 3064 ineptum
312 3016 324 3042 ν
339 2997 373 3048 Is.
387 2997 540 3048 casaubono
553 2995 662 3046 videtur.

185 3128 330 3178 XXXVIII.
345 3127 422 3194 Diog.
435 3128 522 3178 Laert.
536 3127 592 3186 VII,
602 3143 630 3188 ιι,
645 3127 690 3176 iiii
703 3131 810 3176 τΤοίιτον
824 3127 915 3191 (Ἇρίσ-

154 3199 230 3244 τωνα)
250 3193 321 3256 λόγος
337 3193 459 3259 φαλακρόν
477 3196 536 3245 ὄντα
555 3194 701 3256 ἐγκαυθῆναι
717 3194 764 3242 irai
783 3191 828 3242 scir
847 3195 915 3251 ἡλίου

153 3262 196 3309 καί
217 3253 265 3308 bar
285 3261 436 3322 ττλευτῆσαι·
457 3260 651 3324 προσεπαίξαμεν
668 3259 694 3306 δὲ
710 3259 778 3321 αὐτῷ
799 3258 860 3322 τῷδε
881 3260 915 3322 τῷ

154 3327 239 3392 τρόπῳ
249 3326 283 3388 τῷ
295 3325 376 3390 ίάμότρ
391 3327 426 3388 τῷ
440 3326 521 3389 χωλῷ.
536 3325 565 3374 Ti
576 3325 604 3383 δὴ
616 3327 694 3389 γε’ρων
706 3326 759 3374 κτλ.

187 3457 306 3506 XXXIX.
322 3455 398 3521 Diog.
422 3456 510 3506 Laert.
528 3455 573 3515 IV,
588 3471 624 3514 rx,
642 3456 725 3505 θό-θθ.
742 3457 817 3506 ’Ἔστι
832 3453 874 3504 καί
892 3455 916 3510 ίς

154 3520 244 3572 τοῦτον
259 3523 331 3586 ἡμῶν
344 3524 380 3584 τῷ
395 3521 540 3584 λογαοιδικῷ
558 3523 638 3584 με’τρῳ
654 3521 706 3586 [καὶ
725 3523 745 3571 ll
763 3519 914 3585 χείουλτίῳ].

155 3589 185 3637 Τί
202 3603 232 3650 με
249 3589 283 3638 lt.
299 3589 352 3637 κτλ.
372 3614 402 3624 -
424 3587 470 3636 Vs.
493 3588 518 3636 i.
541 3538 856 3650 1ntettigisstepianus:
877 3585 915 3634 Ne

157 3657 212 3702 tum
227 3653 331 3717 quadem
334 3687 384 3703 .....
398 3651 589 3702 dissolutionem
601 3653 715 3717 corporis
727 3651 859 3701 alarimo
871 3651 916 3700 ad·

156 3719 259 3768 initiare
273 3718 364 3768 οοίιιίί.
378 3745 409 3755 -
428 3719 474 3766 Vs.
490 3720 528 3767 tt.
548 3717 592 3768 Sic
609 3716 721 3780 explicat
737 3716 806 3766 idem
825 3732 831 3766 :
849 3737 862 3762 ιι
877 3717 915 3765 Ex

157 3799 189 3833 eo
212 3793 328 3858 tempore
349 3797 400 3848 quo
420 3783 575 3859 seutentiam
598 3781 630 3862 ἀρ
651 3781 793 3858 hauriendo
817 3797 916 3831 veneno

158 3848 916 3989 avauritteret‘vulturariaeur

159 3995 217 4044 quas
232 3980 414 4040 lucmiecrsset,
433 3979 456 4028 si
472 3979 499 4028 in
516 3993 547 4029 ea
561 3978 726 4044 perstitisset,
740 3987 766 4029 et
782 3988 858 4042 epoto
870 3977 916 4027 illo

158 4046 191 4161 gd
210 4045 308 4094 inferos
329 4045 538 4095 concessisset.»
558 4072 589 4083 -
607 4044 747 4110 Antipater
765 4044 810 4094 iiie
825 4043 917 4108 Tyrius

179 4111 262 4162 toicus
276 4118 325 4160 eat.

191 4239 246 4290 XL.
270 4240 347 4306 Diog.
369 4241 457 4292 Laert.
472 4241 512 4300 II,
539 4256 604 4300 ινιτ,
631 4241 687 4299 ili,
711 4240 738 4290 iu
760 4241 917 4292 Mercedemo.

157 4306 205 4356 Vs.
218 4309 243 4356 3.
252 4309 347 4370 ’Ἔργον
361 4307 509 4373 Ἐρετρικόν,
521 4307 626 4370 facinus
636 4307 810 4370 Ενείιάασατιις
818 4315 919 4372 spectat

158 4373 209 4421 boc
225 4371 258 4422 ad
276 4372 454 4422 Eretriensem
472 4381 579 4428 sectam,
598 4371 637 4422 sic
654 4386 671 4420 a
687 4371 840 4422 Menedemo
858 4373 920 4423 Ere-

158 4436 252 4486 triensi
266 4437 323 4502 ipso
342 4439 448 4498 dictam,
463 4437 489 4487 id
501 4445 541 4488 est
556 4453 616 4487 vere
633 4436 841 4502 philosophicum
859 4453 919 4488 vere

158 4502 303 4552 Eretrieusi
322 4503 477 4568 philosopho
495 4503 611 4568 dignum.
633 4503 697 4552 Haec
714 4503 766 4552 lare
783 4503 919 4568 Meuagius

159 4567 186 4617 in
199 4569 309 4619 eundem
318 4569 404 4619 locum
417 4569 493 4634 Diog.
506 4569 595 4620 Laert.
606 4567 726 4618 Observa.
740 4569 791 4618 Sed
803 4569 919 4619 alludere

160 4632 247 4698 potius
263 4633 419 4685 crediderim
435 4641 539 4698 poetam
557 4633 720 4699 parcioribus
732 4633 919 4684 Eretrieusium

158 4699 374 4764 pbilosophorum
393 4698 521 4765 prandiis,
535 4715 593 4765 qua
607 4697 745 4750 cavillatus
763 4709 804 4750 est
819 4715 920 4766 quoque

158 4765 314 4828 Lycophron
332 4765 510 4816 Chalcidensis
529 4765 557 4814 in
575 4763 687 4829 satyrico
705 4765 833 4826 dramate,
852 4767 920 4830 quod

158 4829 294 4906 deridendi
308 4846 388 4882 causa
401 4831 428 4881 in
441 4831 621 4882 Menedemum
640 4831 822 4897 philosophum
838 4831 919 4898 scrip·

159 4904 216 4946 srt:

225 4987 272 5037 lici
283 4987 430 5052 δημόκοινος
441 4989 587 5054 ἕπτχόρευσι
599 4989 700 5053 δαψιλὴς

225 5053 497 5120 impraetermissam
510 5054 631 5122 τρικλίνου
644 5054 779 5121 συμπότης.

161 5162 255 5214 Athen.
270 5163 304 5224 II,
319 5164 350 5214 ib
364 5163 428 5231 (55).

1659 380 1713 436 461

991 506 1058 556 XLI.
1073 505 1149 571 Diog.
1168 505 1256 556 Laert.
1276 506 1321 566 Vi,
1341 521 1397 566 vrri,
1413 509 1458 558 iod
1476 521 1483 556 ι
1499 506 1564 566 Φησὶ
1575 507 1596 556 θ’
1610 511 1717 572 “uppre-

957 588 1003 627 πος
1014 572 1219 637 ἡμτροθαντιστήν
1236 572 1311 621 αὐτόν
1326 575 1458 636 γεγονέναι.
1475 574 1517 624 καὶ
1530 573 1662 623 καλεῖσθαι·
1677 573 1719 623 καί

958 637 1005 700 γάρ
1025 639 1134 702 ναυτικῷ
1155 637 1221 702 τόκῳ
1243 636 1358 694 δανείζειν
1380 639 1421 688 καί
1441 638 1634 705 ἐξενεχυριάζειν,
1654 641 1720 688 ὥστε

958 703 1112 766 πάμπλειστα
1126 704 1241 768 χρήματα
1256 702 1383 766 ἀθροίζειν·
1400 705 1468 756 selo:
1481 705 1502 754 δ’
1521 705 1720 754 ἐπιόουλιυθίντα

959 769 1056 818 πάντων
1069 770 1222 832 στερηθῆναι,
1235 769 1276 818 καί
1287 769 1328 818 ὑπ’
1339 769 1442 830 ἀθυμίας
1453 770 1536 834 βρόχῳ
1552 770 1594 820 τόν
1610 772 1662 834 βίον
1680 787 1721 832 με·

961 835 1073 890 ταλλάξαι
1090 835 1132 882 καί
1149 835 1221 896 ἡμεῖς
1240 835 1367 896 ίπαίξαμτν
1385 834 1419 890 είς
1439 834 1524 884 αὐτόν.
1545 835 1649 885 Φοίνικα
1665 839 1718 884 κτλ.

963 926 994 938 -
1011 900 1141 950 Versuum
1156 897 1288 950 dIstinctio
1305 914 1383 964 quam
1395 898 1515 950 dedimus
1527 899 1652 951 salmasii
1670 907 1718 959 est,

963 963 1007 1030 qni
1017 964 1213 1041 epigrammatis
1225 963 1380 1015 seutentiam
1392 964 1430 1016 sic
1442 965 1564 1030 explanat
1574 980 1581 1015 τ
1591 985 1605 1013 ιι
1617 964 1719 1080 Menip-

964 1045 1034 1095 pum,
1052 1045 1111 1081 cum
1129 1045 1181 1080 vrm
1196 1029 1363 1095 pecuniarum
1378 1029 1504 1094 grandem
1521 1030 1621 1082 foenore
1633 1045 1682 1080 con
1694 1047 1720 1080 e-

964 1093 1053 1157 cisset,
1072 1110 1118 1146 eas
1135 1094 1269 1146 amississe
1289 1102 1360 1160 puto,
1380 1095 1504 1160 perfossis
1524 1097 1557 1146 ab
1578 1095 1721 1160 expilators

965 1161 1108 1227 parietibus
1131 1160 1182 1211 loci
1204 1175 1254 1228 quo
1277 1159 1385 1211 inclusa
1403 1162 1587 1222 servabantur;
1608 1175 1721 1212 moerore

963 1241 1025 1278 vero
1038 1225 1143 1278 amissae
1158 1225 1274 1292 pecuniae
1287 1225 1367 1276 vitam
1381 1225 1489 1288 finiisse,
1504 1241 1552 1276 nec
1565 1225 1723 1276 intellexisse

965 1307 1022 1358 quse
1042 1299 1136 1343 natura
1152 1291 1225 1343 cauis
1243 1299 1321 1352 esset,
1334 1292 1385 1342 boc
1401 1299 1441 1342 est
1458 1291 1547 1354 Cynici
1565 1291 1723 1356 philosophi,

965 1360 1068 1423 qualem
1079 1359 1258 1424 profitebatur.
1274 1378 1286 1403 ν
1302 1359 1351 1421 (De
1366 1357 1440 1408 modo
1456 1358 1573 1421 Usurar.)

997 1489 1075 1540 XLII.
1091 1489 1202 1555 Diogen.
1215 1489 1302 1540 Laert.
1315 1489 1347 1548 il,
1361 1503 1398 1547 τι,
1414 1489 1469 1548 tia,
1482 1489 1510 1538 in
1523 1488 1640 1554 Stilpoae
1654 1503 1664 1538 .·
1678 1490 1723 1546 Γη-

966 1555 1033 1620 ραιόν
1047 1555 1073 1604 dl
1085 1557 1226 1614 τιλευτῆσαί
1239 1573 1310 1616 φησιν
1324 1556 1473 1620 Ἕρμιππος,
1485 1547 1552 1604 οίνον
1562 1556 1725 1618 προσενεγκά-

966 1639 1038 1684 μενον
1055 1621 1122 1677 όπως
1138 1621 1225 1670 θάττον
1244 1621 1369 1671 άποθάνοι.
1389 1622 1462 1669 Ἐστι
1479 1619 1506 1668 di
1525 1619 1566 1669 καὶ
1584 1621 1617 1675 τίς
1635 1619 1723 1670 τοῦτον

964 1689 1046 1748 ἡμῶν·
1063 1689 1113 1736 Τὸν
1127 1687 1244 1750 Μιγαρία
1257 1687 1309 1736 κτλ.
1325 1685 1423 1736 Eodem
1436 1693 1521 1735 metro
1539 1699 1590 1749 quo
1604 1699 1666 1734 usus
1685 1693 1725 1733 est

965 1751 1146 1816 Diogenes,sic
1156 1751 1289 1802 transtulit
1297 1749 1423 1801 versionis
1432 1749 1519 1800 latinae
1529 1757 1621 1800 auctor
1633 1749 1661 1800 iu
1674 1749 1716 1800 edi

966 1817 1035 1868 tione
1049 1817 1189 1869 Didotiana
1202 1833 1209 1867 ι

1018 1916 1121 1972 Megada
1133 1921 1208 1960 satum
1222 1915 1334 1971 stilpona,
1345 1937 1371 1948 ·-
1382 1915 1443 1958 nosti
1454 1915 1552 1958 forsitan
1564 1938 1590 1948 -

1017 1971 1096 2014 bausit
1107 1969 1204 2013 mitiss
1217 1976 1241 2012 et
1252 1967 1355 2018 morbus,
1366 1968 1476 2011 Invictum
1487 1968 1570 2022 jugum
1582 1983 1589 2012 τ

1018 2023 1201 2079 prestantiorem
1213 2029 1238 2065 et
1249 2022 1287 2064 ills
1297 2021 1358 2076 bigis
1401 2021 1478 2063 ειίοιίι

1018 2076 1120 2132 repperit
1130 2075 1243 2130 aurigam,
1256 2077 1355 2117 merumi
1385 2073 1451 2116 ibana
1462 2079 1533 2116 rectu
1544 2073 1574 2116 'st
1587 2073 1653 2116 bene.

967 2173 1037 2252 §atis
1051 2178 1161 2238 apparet
1176 2169 1255 2220 aliter
1270 2168 1422 2219 distributos
1440 2181 1530 2217 versus
1545 2167 1642 2232 legisse
1661 2169 1713 2218 Gro

968 2249 1041 2291 trum.

975 2365 1073 2418 XLIII.
1081 2371 1120 2422 ux
1131 2369 1183 2420 Iul.
1200 2366 1311 2431 Capitol.
1329 2365 1395 2430 Opil.
1410 2365 1523 2414 Macrin.
1538 2365 1592 2413 XI:
1611 2363 1727 2414 «Totius

968 2434 1165 2503 epigrammatis
1181 2431 1280 2500 [graeci]
1296 2447 1327 2482 ar
1362 2440 1477 2480 mentum
1498 2429 1640 2488 continent,
1658 2437 1686 2479 ut
1702 2437 1727 2478 et

969 2501 1130 2568 Capitolinus
1137 2499 1230 2557 innuit,
1238 2499 1335 2548 illaver
1354 2495 1727 2546 azcmiliumsenatusi’ium

968 2584 1000 2620 ac
1013 2569 1122 2620 Felicem
1139 2577 1323 2629 nuncupasset,
1338 2561 1430 2613 Felicis
1447 2576 1542 2612 nomen
1559 2560 1665 2626 recepit,
1688 2561 1728 2610 Pii

969 2636 1065 2685 habere
1079 2631 1170 2684 noluit.
1183 2651 1196 2676 ν
1211 2628 1323 2682 eunuc.
1335 2629 1417 2678 -Vs
1432 2629 1456 2676 θ.
1469 2627 1532 2676 Cod.
1546 2627 1612 2690 Reg.
1628 2628 1727 2691 :impe-

968 2701 1035 2752 rium
1043 2697 1133 2750 infelix
1142 2704 1191 2758 est,
1202 2696 1252 2746 erit
1261 2695 1305 2744 iiie
1314 2692 1372 2744 tibi.
1383 2715 1396 2740 ιι
1406 2691 1583 2742 Divinavimus
1594 2694 1661 2742 banc
1670 2707 1728 2742 esse

968 2774 1082 2817 mentem
1104 2780 1111 2814 :
1132 2779 1184 2814 nou
1202 2777 1279 2826 posse
1299 2760 1405 2809 tandem
1429 2757 1598 2809 infortunium
1619 2758 1728 2808 evadere

969 2830 1123 2898 principem,
1137 2828 1180 2894 qui
1201 2827 1296 2878 multos
1312 2825 1474 2876 subditorum
1491 2823 1604 2874 reddidit
1620 2823 1728 2873 infortu-

969 2905 1044 2948 natos
1059 2913 1066 2946 ι
1082 2903 1159 2961 atque
1173 2899 1202 2944 ut
1214 2892 1284 2942 iilius
1300 2890 1439 2956 imperium
1454 2888 1564 2938 subditis
1578 2888 1727 2947 infaustum,

969 2964 1007 3015 sic
1019 2963 1132 3012 futurum
1147 2967 1173 3010 et
1184 2958 1234 3024 ipsi
1247 2957 1409 3034 quandoque.
1421 2956 1477 3006 Hoc
1488 2954 1589 3005 videtur
1601 2954 1652 3004 sibi
1663 2953 1731 3004 veile¹

969 3037 1060 3080 auctor
1078 3027 1283 3092 epigrammatis,
1306 3022 1351 3072 sed
1374 3037 1477 3071 uersum
1495 3028 1535 3070 est
1556 3019 1729 3085 ineptissime.

970 3093 1170 3159 decipiebamus
1184 3089 1323 3154 aliquando
1339 3087 1415 3138 aliter
1429 3098 1455 3136 et
1467 3087 1630 3136 vertebamus
1645 3102 1651 3134 :

1010 3196 1064 3249 ’itt'
1077 3196 1116 3258 ὅγ’
1127 3191 1163 3242 ίπ’
1179 3191 1275 3252 sceatta
1288 3190 1331 3253 μὶν
1344 3189 1477 3246 όνόσσατο,
1491 3187 1584 3246 νήπιος,
1598 3188 1679 3238 όλάον·

1035 3263 1059 3320 ίς
1071 3263 1096 3310 il
1110 3259 1286 3314 traiciatur
1301 3255 1429 3320 δυστυχίαι
1440 3255 1531 3303 θεόθεν.
1552 3272 1564 3297 r
1617 3252 1728 3302 Casaub.

969 3374 1016 3424 Vs.
1034 3373 1058 3420 l.
1079 3368 1183 3420 Salmas
1198 3381 1204 3416 :
1222 3386 1235 3413 ιι
1253 3363 1297 3416 Sic
1314 3379 1398 3429 graece
1414 3368 1555 3426 conceptus
1573 3361 1615 3410 hic
1630 3360 1730 3410 videtur

969 3438 1048 3488 fuisse
1062 3433 1204 3486 versiculus
1217 3446 1224 3482 τ

1035 3537 1084 3588 Kal
1097 3535 1167 3602 ρόσις
1180 3533 1297 3600 aperiret,
1313 3531 1354 3582 καί
1365 3531 1437 3593 λόγος
1449 3529 1478 3579 eir
1491 3529 1596 3594 δέχεται.
1612 3547 1624 3572 ν

969 3649 1028 3698 Vss.
1043 3649 1093 3696 5-6.
1106 3645 1150 3697 Sic
1163 3642 1191 3694 in
1204 3649 1266 3693 vett.
1281 3640 1370 3706 script.
1386 3646 1498 3690 testante
1512 3636 1641 3688 Saimasio
1655 3653 1662 3686 :

1021 3747 1082 3788 Nam
1094 3743 1147 3800 pius
1158 3747 1183 3785 et
1194 3741 1250 3785 felix
1261 3746 1353 3795 poterat
1364 3739 1453 3795 dicique
1466 3738 1597 3794 νίθοτίηυες

1047 3795 1166 3854 Imperium
1177 3793 1258 3838 infelix
1270 3802 1314 3846 est,
1329 3793 1374 3836 erit
1386 3792 1425 3835 ille
1436 3791 1489 3834 sibi.

971 3909 984 3936 ιι
998 3885 1131 3938 Macrinus
1144 3884 1186 3936 his
1200 3884 1317 3935 versibus
1331 3880 1497 3947 respondisse
1510 3879 1612 3930 fertur:

1023 3985 1129 4048 sitalem
1141 3985 1234 4047 Graium
1246 3991 1269 4028 ts
1284 3984 1392 4048 tulissent
1403 3982 1454 4044 iata
1467 3987 1568 4036 poetam,

1023 4035 1500 4150 οίίῗιίιιόίιίιιίάιίιίίόόεῖιίιίίιίιδοόλιεοτἰίίιιίίία,
1511 4097 1595 4148 magno

1049 4143 1127 4188 nulius
1139 4142 1273 4199 scrIpsIaset
1285 4152 1390 4184 carmina
1399 4147 1461 4183 tetra
1471 4139 1533 4182 mrbr.

974 4265 987 4290 ι
1005 4243 1054 4293 iiia
1069 4241 1187 4292 versibus
1202 4239 1335 4290 Macrinus
1351 4239 1429 4304 longe
1464 4236 1579 4302 ejoribus
1598 4249 1676 4300 quam
1692 4235 1730 4286 iiii

971 4309 1047 4360 latini
1061 4315 1129 4366 sunt,
1150 4305 1316 4370 respondisse
1330 4319 1357 4354 se
1371 4253 1501 4354 crediciit:
1517 4302 1563 4352 sed
1579 4317 1632 4351 non
1645 4302 1730 4351 minus

972 4382 1013 4426 est
1027 4373 1092 4424 risui
1110 4373 1214 4422 babitus
1231 4386 1309 4436 quam
1324 4377 1401 4436 poeta
1415 4369 1460 4419 iiie
1482 4368 1526 4433 qui
1545 4368 1578 4417 de
1592 4382 1678 4434 graeco
1692 4367 1729 4417 la-

973 4442 1026 4491 tiae
1039 4445 1145 4490 coactus
1156 4446 1196 4488 est
1209 4435 1332 4488 scribere.
1349 4437 1399 4486 al.
1413 4434 1525 4500 Capitol.

1005 4571 1095 4622 XLIV.
1116 4570 1153 4619 Ex
1170 4567 1223 4620 Iul.
1243 4566 1355 4632 Capitol.
1372 4565 1400 4616 iu
1415 4565 1485 4630 opit.
1508 4565 1620 4614 Macrin.
1642 4563 1702 4613 XIV
1723 4578 1729 4613 :

974 4657 987 4683 ι
1064 4635 1162 4686 Milites
1241 4631 1307 4684 inita
1325 4632 1446 4692 factione,
1466 4631 1539 4680 illum
1564 4629 1730 4694 (Macrinum)

973 4701 1124 4754 occiderunt
1141 4716 1200 4749 cum
1216 4713 1296 4766 puero
1313 4712 1360 4748 suo
1378 4696 1549 4756 Diadumeno,
1567 4694 1666 4744 scilicet
1679 4695 1732 4742 Au-

973 4768 1062 4819 touiuo
1072 4765 1236 4831 cognomine,
1247 4765 1279 4814 de
1290 4779 1342 4879 ρυο
1353 4763 1451 4812 dictum
1463 4769 1503 4812 est
1514 4761 1582 4826 quud
1592 4759 1619 4809 in
1633 4759 1731 4834 somuis

973 4832 1120 4884 Antoninus
1133 4831 1232 4882 suisset.
1246 4831 1288 4880 Un
1307 4845 1321 4879 e
1340 4828 1419 4878 etlam
1433 4841 1523 4877 versus
1540 4833 1641 4876 exstant
1654 4825 1731 4889 hujus

973 4898 1043 4949 modi
1067 4911 1074 4950 :
1097 4896 1217 4952 VidImus
1238 4895 1264 4944 in
1285 4893 1393 4952 somnis,
1413 4899 1464 4944 etc.
1480 4893 1514 4942 Et
1532 4891 1575 4942 isti
1590 4906 1679 4942 versus
1700 4906 1731 4940 ex

974 4979 1060 5030 graeco
1079 4961 1200 5014 translati
1216 4967 1277 5011 sunt
1295 4959 1322 5010 in
1339 4959 1458 5010 latinum.
1477 4958 1545 5008 Nam
1562 4958 1652 5007 Graece
1671 4969 1730 5005 sunt

974 5027 1140 5081 disertissimi
1154 5042 1161 5077 ι
1173 5026 1291 5077 videntur
1303 5031 1389 5076 autem
1402 5022 1467 5074 mibi
1481 5025 1515 5074 ab
1529 5023 1616 5087 aliquo
1630 5023 1730 5086 vulgari

975 5105 1051 5162 poeta
1070 5091 1305 5144 translatione.»
1326 5119 1356 5128 -
1373 5091 1419 5140 Vs.
1438 5092 1462 5139 5.
1482 5087 1553 5139 Satis
1573 5097 1682 5152 apparet
1703 5103 1731 5134 ex

976 5161 1091 5213 versione
1105 5162 1139 5210 ls.
1155 5159 1300 5209 casaubon.
1314 5155 1410 5222 legisse
1423 5159 1486 5206 anie
1504 5169 1552 5220 pro
1568 5153 1637 5204 inde.
1655 5173 1667 5198 ι
1681 5153 1733 5201 Ρα-
