3866 6016
408 476 535 537 lleUl'
555 477 605 537 lll.
629 477 913 538 unicalamum
933 479 1275 542 nnuousruerlvu.
1582 483 1639 542 303

321 611 371 668 83.
393 611 545 670 abundii.

59 745 233 820 Λυσιστράτη,
249 739 390 798 καλίσασα
403 743 451 806 τάς
466 740 620 812 πολίτιδας,
667 749 671 757 “

60 829 162 886 1ύιιέθετο
176 835 296 908 φεύγειν,
312 828 383 906 μηδὲ
400 829 523 907 μίγνυσθ’
539 833 657 910 ἄρρεσιν,

59 921 132 992 daur,
147 921 301 996 γενομένης
311 923 359 974 νύν
373 922 491 984 στάσεως
505 919 652 998 έμφυλίου,

59 1011 98 1064 τόν
109 1010 174 1087 πρός
186 1009 321 1071 Λάκωνας
333 1006 458 1085 πόλεμον
472 1009 583 1087 α’ίρωσιν
597 1007 686 1088 λόγῳ,

42 1101 152 1173 ὄμίνωσί
161 1097 185 1151 τ’
201 1097 276 1152 οἶκοι
288 1100 395 1163 πάντες.
412 1083 451 1162 Ως
464 1095 494 1154 et
509 1096 645 1169 corridere,

61 1189 118 1250 τινές
131 1187 179 1262 μίν
193 1187 286 1242 αὐτῶν
305 1187 357 1256 την
371 1184 523 1265 ἀκρόπολιν
539 1183 718 1266 διεκράτουν·

60 1277 119 1338 τινές
131 1272 155 1329 δ’
169 1275 346 1353 ἀπεχώρουν·
363 1274 396 1330 αί
405 1273 430 1330 τ’
445 1276 500 1331 άπό
517 1276 645 1353 Σπάρτης
658 1273 742 1332 πάλιν

62 1363 147 1418 σαυτόν
162 1359 386 1422 διεθουλεύοντο.
404 1357 500 1442 Κήρυξ
515 1365 624 1442 ίρχεται

62 1452 138 1528 λέγων
150 1454 215 1529 περί
228 1456 344 1508 τούτων·
361 1455 411 1522 τῆς
425 1449 450 1507 δ’
467 1453 601 1528 ὁμονοίας
613 1453 775 1530 γενομένης,

37 1537 332 1616 transmaritimum,
347 1542 393 1596 τὸν
407 1539 532 1618 πόλεμον
548 1538 708 1620 ίξέρρησαν.

367 1692 415 1750 at.
433 1699 528 1748 arao.

66 1820 157 1879 ,δίαθών
170 1823 238 1900 παρ’
252 1808 410 1901 Ἡρακλέους
424 1823 553 1887 διόνυσος
567 1823 617 1894 τὴν
632 1819 708 1888 ὁδόν,

65 1912 120 1988 πρός
132 1914 194 1976 τοὺς
209 1915 429 1989 κατοιχομένους
441 1915 597 1990 πορεύεται,
611 1907 705 1967 λαύὼν

65 2000 90 2052 τό
103 1995 189 2076 δέρμα
203 2001 253 2054 καί
263 2001 295 2055 τὸ
311 1997 457 2070 σκύταλον,
471 2001 619 2076 ἀναγαγεῖν
636 1997 723 2054 θέλων

66 2085 216 2164 Εὐριπίδην·
232 2086 338 2165 λίμνην
353 2085 383 2144 bl
398 2084 531 2143 διέθαινεν
546 2091 632 2143 κάτω·

49 2179 161 2231 5καὶτῶν
179 2175 329 2256 βατράχων
340 2179 489 2256 ἀνέκραγεν
505 2175 575 2254 εύρη
581 2195 632 2252 μσς
644 2179 738 2255 χορός.

67 2250 156 2320 bactra
171 2270 281 2343 μυστῶν
297 2263 413 2344 έκδοχή·
426 2265 551 2344 θεράπων
567 2262 592 2320 δ’
609 2262 687 2338 ἰδών,

19 2433 20 2436 ¹
67 2356 96 2438 ab<
108 2339 226 2432 Ἡρακλεῖ
239 2359 409 2434 προσέκοπτε
424 2352 470 2410 διὰ
484 2355 530 2410 τδν
545 2350 691 2432 Κέρδερον.

68 2441 99 2506 Ως
111 2441 134 2498 δ’
149 2447 285 2522 άνειράνη,
302 2443 404 2500 τίθεται
418 2440 572 2522 τραγῳδίας
584 2446 677 2520 άγών·

68 2534 107 2585 καί
119 2529 152 2602 δὴ
167 2535 351 2610 στεφανοῦταί
359 2531 386 2610 γ’
400 2530 547 2610 Αἰσχύλος·
558 2535 655 2587 τοῦτον
669 2526 693 2586 δ’
708 2531 769 2607 ἀγει

41 2621 184 2686 tiniarum<
198 2625 237 2686 είς
252 2625 319 2700 φῶς,
338 2623 370 2678 ού
389 2624 428 2699 μά
440 2623 491 2677 Δία
503 2619 531 2698 γ’
547 2615 711 2698 Εὐριπίδην.

132 3034 179 3091 85.
202 3029 472 3088 ΑΡΙΣΤΟΦΑΝΟΥΣ
493 3027 751 3087 ΓΡΑΜΜΑΤίΚίίΥ.

71 3165 158 3220 brada*
170 3163 305 3244 Κόρινθον
317 3163 458 3230 Οἰδίπους,
472 3165 573 3243 πατρὸς
582 3161 663 3226 νόθος

72 3255 128 3330 πρός
139 3257 190 3309 τῶν
205 3256 335 3310 ἁπάντων
348 3251 564 3333 λοιδορούμενος
576 3249 662 3328 ξένος,

72 3339 145 3409 ἦλθεν
158 3340 294 3400 πυθέσθαι
307 3339 432 3400 Πυθικῶν
446 3339 649 3420 θεσπισμάτων,

73 3426 150 3499 ζητῶν
165 3433 264 3488 ἑαυτόν
279 3431 328 3486 καί
339 3434 435 3508 γένους
448 3435 630 3509 ρυτοσπόρον.

56 3520 155 3595 suopte
172 3518 203 3576 δί
217 3518 335 3596 τλήμων
351 3521 378 3575 ἀν
393 3522 497 3584 στεναῖς
510 3516 664 3596 ἁμαξιτοϊς,

75 3609 137 3662 ἄκων
151 3611 248 3687 ἔπεφνε
263 3612 348 3666 Λάιον
361 3610 524 3686 γεννητορα.

77 3697 180 3773 Σφιγγός
191 3695 222 3753 δὲ
236 3695 328 3768 δεινῆς
341 3695 492 3774 θανάσιμον
506 3695 592 3761 λύσας
606 3694 698 3774 μέλος,

76 3785 167 3862 ᾔσχυνε
183 3787 288 3864 μητρός
301 3788 492 3863 ἀγνοουμένης
506 3783 600 3866 λέχος.

77 3875 168 3950 torpa<
180 3873 212 3931 tt
228 3871 324 3945 Θήύας
338 3871 394 3930 είλε
408 3875 456 3930 καί
468 3877 548 3941 νόσος
562 3881 664 3957 μακρά.

49 3961 69 4007 lt
78 3962 156 4040 Κρίων
177 3961 208 4020 dt
222 3961 357 4041 πεμφθείς
366 3962 504 4041 Δελφικὴν
518 3967 585 4044 πρός
598 3969 699 4044 έστίαν,

78 4051 140 4116 ὅπως
151 4050 274 4124 πύθηται
286 4055 335 4108 τοῦ
349 4055 438 4108 κακοῦ
450 4057 633 4134 παυστηριον,

77 4139 167 4206 ἤκουσε
181 4143 274 4218 φωνῆς
290 4143 423 4216 μαντικῆς
437 4138 500 4197 θεοῦ
515 4145 592 4221 πάρα

78 4228 115 4314 ἰόν
128 4229 234 4286 latrice
249 4227 431 4300 ίκδικηθῆναι
444 4233 536 4308 φόνον.

79 4313 137 4370 Olet
151 4316 244 4392 μαθὼν
265 4318 361 4374 έαυτθν
376 4315 506 4383 Οἰδίπους
518 4318 605 4387 τάλας

51 4403 197 4482 ίὸπόρπαισι
212 4403 307 4470 δισσὰς
321 4401 492 4472 ἐξανάλωσιν
507 4412 601 4488 κόρας,

80 4495 141 4564 obri
156 4493 185 4551 δέ
201 4498 296 4574 μήτηρ
312 4497 442 4572 άγκόναις
456 4493 583 4555 διώλετο.

327 4639 377 4698 86.
399 4647 582 4700 rorrrror.

80 4751 112 4824 lia
124 4773 176 4836 τοϊς
188 4773 295 4852 Σκίροις
305 4775 341 4830 τά
353 4774 444 4851 γύναι’
459 4775 560 4854 ἔκρινεν
573 4777 600 4832 ἐν
615 4775 725 4844 στολαῖς

82 4859 172 4936 ἀνίμων
182 4857 398 4940 προκαθίζοντα,
412 4867 565 4940 γενομένης
578 4863 736 4936 ίκκλησίας,

82 4945 247 5024 περιθέμεναι
258 4953 393 5026 πώγωνας
405 4949 559 5030 ἀλλοτρίων
572 4957 683 5032 τριχῶν.

83 5025 213 5107 Εποίησαν
226 5037 322 5103 οθτως.
341 5025 518 5118 Ῡστεροῦντες
532 5037 581 5097 οὖν
598 5041 707 5108 στολαῖς

64 5120 313 5202 θάνδρεςγυναικῶν
327 5125 465 5184 έκάθισαν·
483 5131 530 5186 καί
543 5127 579 5200 δὴ
598 5134 648 5207 μία

85 5207 231 5292 δημηγορεῖ
241 5218 304 5294 περὶ
316 5219 365 5273 τοῦ
381 5213 521 5284 λαθούσας
535 5223 587 5274 τών
603 5218 676 5275 όλων

85 5301 128 5370 tiis
141 5301 286 5382 όπιτροπήν
302 5303 410 5381 βέλτιον
423 5301 513 5386 ἀρξτιν
530 5309 629 5386 μυρίῳ·

1145 623 1189 676 83.
1210 619 1365 677 lNCERTI.
1488 679 1491 685 ,

874 753 1037 827 Lysistrata
1051 753 1207 810 convocatis
1218 753 1499 812 mulieribus-civibus
1511 757 1581 820 suis,

875 841 1019 914 proposuit
1033 841 1140 916 lugere,
1153 859 1242 916 neque
1259 842 1333 899 coire
1345 859 1406 898 cum
1419 843 1551 911 maribus,

846 965 849 1022 Ι
876 934 916 995 ut,
932 929 1005 986 iacta
1022 947 1095 986 nunc
1109 929 1244 989 seditione
1258 930 1342 1000 civili,

846 1025 849 1092 γ
875 1015 975 1074 bellum
991 1015 1019 1073 in
1034 1017 1254 1076 lacedemonios
1268 1017 1366 1076 tollant
1380 1016 1483 1088 verbis,

846 1093 850 1233 Ι
875 1113 1057 1179 maneantque
1071 1121 1166 1164 omncs
1178 1105 1264 1163 domi.
1280 1106 1335 1164 Ubi
1349 1106 1378 1164 id
1392 1113 1502 1180 pactum
1514 1112 1567 1176 est,

876 1194 1001 1268 quaedam
1015 1193 1126 1268 quidem
1135 1211 1171 1251 ex
1183 1193 1218 1252 iis
1232 1210 1323 1252 arcem
1337 1211 1522 1269 occupaver03

876 1282 1001 1356 quadam
1015 1288 1107 1342 autem
1120 1282 1315 1341 abscesserunt
1329 1300 1337 1340 ε
1353 1283 1551 1358 Spartanaque
1562 1281 1644 1339 vicis·

875 1369 949 1427 idem
962 1371 1117 1428 deerevere.
1134 1371 1228 1428 Proeco
1243 1370 1320 1428 venit
1584 1370 1644 1444 [sim

875 1458 1075 1519 verba-iaciens
1089 1460 1124 1516 de
1136 1460 1189 1518 bac
1203 1477 1242 1517 ro.
1260 1459 1413 1517 Concordia
1423 1466 1514 1516 autem
1525 1459 1609 1530 faeta,

876 1549 994 1624 patratis
1008 1547 1198 1618 libationibus,
1215 1547 1316 1604 bellum
1330 1547 1537 1604 renunciavere.

1173 1703 1217 1758 84.
1237 1709 1339 1754 aaron.

879 1835 983 1892 Doctus
994 1834 1029 1892 ab
1044 1833 1160 1890 Hercule
1175 1832 1300 1888 bacchus
1313 1831 1395 1898 riam,

879 1923 915 1982 ad
929 1923 1076 1980 defunctos
1089 1921 1232 1990 iter-iacit,
1248 1925 1359 1993 sumpta

879 2013 950 2089 pelle
964 2029 1025 2068 cum
1040 2011 1127 2080 clara,
1141 2010 1272 2067 reducere
1285 2008 1381 2065 volens

880 2099 1039 2174 Euripidem
1055 2116 1062 2155 ε
1078 2097 1207 2172 paludem
1221 2104 1314 2154 autem
1325 2095 1435 2169 trajecit
1444 2095 1593 2162 inlernam;

881 2197 909 2246 et
922 2205 1049 2244 ranarum
1063 2185 1226 2244 exclamavit
1239 2186 1413 2242 fauste-voce
1428 2184 1539 2241 chorus.

882 2277 987 2334 Deinde
1001 2275 1036 2333 ab
1049 2275 1164 2334 initiatis
1179 2273 1330 2348 excipitur3
1346 2273 1465 2329 famulus
1479 2279 1571 2330 autem
1585 2275 1650 2330 Pta-

1430 2361 1513 2434 [toue'e
1526 2367 1558 2418 ut
1570 2360 1649 2429 vidit,

883 2473 943 2513 eum
956 2461 1087 2528 tanquam
1102 2451 1245 2508 Herculem
1260 2449 1385 2508 adoritur
1396 2448 1508 2506 Cerberi
1523 2466 1618 2506 cause.

883 2545 937 2603 Ubi
946 2551 1039 2601 autem
1048 2543 1219 2617 agnoscitur,
1226 2540 1369 2615 tragoedie
1377 2539 1650 2613 poniturcertamen:

883 2639 911 2690 et
925 2649 989 2689 mox
1002 2637 1149 2689 coronatur
1163 2629 1277 2704 quidem
1292 2627 1449 2702 AEsobylus‚
1469 2627 1543 2683 bunc
1561 2633 1589 2683 et
1602 2625 1651 2682 ad-

1577 2712 1651 2770 ducit
1717 2735 1723 2758 ι

884 2807 1010 2866 Bacchus
1024 2806 1052 2863 in
1064 2805 1167 2876 lucem;
1182 2821 1237 2862 non
1252 2811 1336 2874 certe,
1357 2821 1407 2878 per
1424 2804 1530 2874 lovem,
1546 2801 1657 2966 Epripi-

1583 2892 1650 2946 lem.

977 3041 1021 3096 ee.
1040 3003 1307 3096 rarsroruaurs
1325 3031 1562 3122 afleuurrrcr.

885 3171 992 3230 Relicta
1005 3170 1136 3229 Corintho
1152 3167 1286 3242 OEdipus‚
1300 3167 1387 3241 patris
1402 3166 1513 3241 spurius
1526 3169 1600 3238 illiue

884 3261 920 3319 ab
934 3261 1060 3318 omnibus
1072 3255 1365 3316 contumelia·allectus
1380 3254 1555 3330 peregrinus,

884 3351 935 3408 ivit
948 3349 1116 3406 sciscitatum
1130 3346 1248 3422 Pythice
1261 3344 1381 3414 orecula,

885 3455 1011 3513 quaerens
1026 3435 1203 3510 semetipsum
1218 3441 1248 3491 et
1260 3432 1371 3508 generis
1385 3439 1536 3490 auctorem.

886 3528 1030 3585 inventum
1043 3534 1134 3582 autem
1148 3523 1232 3580 miser
1241 3522 1269 3578 in
1279 3519 1406 3594 angustis
1418 3517 1655 3596 plaustrariisviis

887 3615 988 3672 invitus
1002 3613 1140 3670 interiecit
1151 3611 1246 3668 Laium
1260 3609 1423 3685 genitorem.

887 3702 1020 3778 Sphingis
1030 3709 1121 3758 autem
1131 3701 1198 3758 dira
1209 3699 1311 3758 letbnle
1322 3717 1385 3756 cum
1393 3697 1521 3756 solvisset
1533 3715 1656 3766 carmen,

887 3790 1045 3865 deturparit
1057 3787 1154 3847 matris
1168 3789 1270 3864 ignotae
1283 3787 1393 3852 lectum.

888 3878 1034 3952 Pestisque
1048 3878 1158 3935 Thebas
1169 3875 1315 3951 occuparit
1327 3883 1357 3933 et
1369 3875 1482 3932 morbus
1495 3874 1610 3948 longum

888 3970 1031 4042 Creonque
1046 3965 1147 4022 missus
1162 3964 1323 4038 Delphicam
1338 3963 1372 4021 ad
1387 3981 1474 4032 aram,

888 4056 936 4132 qui
950 4055 1069 4112 disceret
1082 4071 1138 4129 qua
1149 4053 1256 4112 ratione
1270 4059 1392 4110 cessaret
1403 4051 1514 4120 melum,

889 4144 978 4202 audiit
992 4159 1086 4200 vocem
1099 4141 1240 4198 fatidicam
1255 4141 1342 4197 clleo

890 4231 949 4290 Laii
964 4229 1281 4306 peenas-repetitasesse
1297 4229 1390 4286 cadis.

891 4320 969 4379 Unde
983 4319 1097 4376 edoctus
1108 4317 1235 4392 quisnam
1247 4325 1320 4375 esset
1332 4317 1393 4392 ipse
1403 4317 1527 4391 OEdipus
1539 4317 1622 4372 miser

890 4409 982 4466 fibulis
996 4407 1065 4464 duas
1078 4409 1133 4464 etti
1145 4405 1300 4481 absumpsit
1314 4406 1443 4481 pupillas,

862 4537 865 4578 ,
891 4499 1006 4572 ipsaque
1017 4503 1105 4552 mater
1118 4495 1216 4569 laqueo
1230 4495 1321 4568 periit.

862 4581 866 4728 i
1141 4619 1145 4626 ’
1175 4638 1219 4692 td.
1240 4643 1385 4688 ntusnnu.

863 4747 867 4844 i
892 4779 923 4835 ln
937 4774 1022 4834 Sciris
1035 4772 1200 4830 muliercule
1214 4771 1360 4828 decrevere
1375 4769 1427 4827 sub
1443 4770 1564 4827 restibus
1599 4785 1601 4788 ’
1616 4759 1620 4768 ’

863 4847 867 4998 γ
893 4865 1014 4924 virorum
1027 4861 1191 4930 assidentes,
1210 4860 1284 4916 lacta
1297 4858 1438 4928 concione,

864 5003 868 5034 ,
893 4945 1658 5022 sibiaccommodarebarbasexulieno-pilocompositas.

864 5037 868 5104 i
894 5043 929 5101 Et
937 5043 977 5098 ita
989 5041 1121 5097 iecerunt.
1134 5035 1275 5095 Posterius
1289 5035 1376 5110 igitur
1387 5035 1528 5094 venientes
1538 5037 1660 5094 restibus

864 5109 869 5222 'p
894 5131 1038 5188 mulierum
1051 5127 1103 5184 riri
1117 5125 1229 5196 sedere3
1245 5131 1328 5200 atque
1339 5124 1398 5199 jam
1409 5141 1465 5181 una
1529 5125 1658 5199 [omnium

866 5227 869 5280 i
895 5219 1082 5287 concionatur,
1101 5233 1225 5286 monens,
1246 5215 1270 5272 si
1289 5216 1357 5290 ipsa
1374 5223 1551 5291 capesserent
1569 5233 1661 5274 renim

865 5283 870 5377 i
896 5309 1125 5387 procurationem,
1140 5305 1224 5365 multo
1239 5305 1336 5364 melius
1350 5305 1531 5383 imperaturos
1545 5323 1553 5364 ε
