3882 6080
291 305 347 362 45⁶2
735 298 993 359 ANTHOLOGIAE
1015 297 1165 358 GRAECAE
1185 298 1412 358 APPENDICIS

289 438 321 492 Et
336 431 365 490 δέ
380 431 448 512 ῥόδα
461 427 606 511 προσέμιξε
618 435 818 510 παρηγορέοντι
828 427 967 507 κυπέλλφ,

289 521 344 600 εἶχε
363 525 449 599 μένειν
462 520 622 592 ἄκλαυστος,
639 519 688 584 έως
700 523 829 589 νόστησεν
845 503 990 582 Οδυσσεύς.

589 669 751 727 53.ann0.

289 783 399 876 Ιίροίσθη
414 798 511 861 Πίτυός
523 816 571 868 τις,
588 797 618 852 δν
633 799 683 852 οὐκ
695 794 763 868 ἴδεν,
781 795 867 852 οὔατα
880 794 1006 859 πεισθείς·
1051 755 1054 761 ¹

326 888 381 942 Φεῦ
396 884 525 950 κάλλους·
541 887 623 962 ἡμεῖς
640 881 663 940 δ’
680 885 787 961 ὄμμασι
803 881 979 962 μεμφόμεθα.

589 1035 638 1092 st.
654 1044 750 1092 ΑΛΛΟ.

324 1151 411 1222 riscus
426 1167 523 1238 ταῦτα,
536 1167 586 1241 γῆ,
603 1161 737 1232 θάλασσα,
751 1164 798 1217 καί
811 1161 906 1227 πόλος·

324 1255 413 1332 ψυχαί
427 1255 516 1330 σοφῶν
530 1272 559 1308 τε
573 1253 621 1307 καί
634 1255 794 1328 στρατηγῶν
809 1253 861 1305 τῶν
875 1250 975 1306 πάλαι·

325 1327 472 1421 έσοκράτης
485 1340 564 1417 ὥρισε
577 1341 674 1417 ῥώμην
688 1340 735 1393 καί
747 1341 854 1416 φρένας,

326 1427 497 1501 Θουκυδίδης
511 1422 602 1504 έμιξεν
617 1423 691 1482 ὅπλα
703 1427 750 1481 καί
762 1423 873 1502 λόγους,

325 1517 427 1660 φήτωρ,
444 1514 594 1592 στρατηγός
607 1515 654 1567 καί
667 1510 803 1589 Περικλῆς
816 1514 863 1567 καί
877 1513 982 1589 Πίμων,

320 1645 321 1648 ,
347 1599 492 1672 λκιθιάδης
506 1604 553 1657 καί
567 1599 755 1677 Θεμιστοκλῆς
772 1602 866 1676 μέγας,

326 1693 409 1768 ἄμφω
423 1689 532 1746 τέλειοι·
550 1689 664 1744 Φωκίων
677 1689 776 1765 κρηπίς
788 1687 889 1762 λόγων.

326 1763 447 1849 Πλληνες
461 1775 544 1833 ἄλλοι
559 1777 651 1853 μυρίοι
664 1760 768 1852 ῥώμης
781 1777 894 1853 πρόμοι·

327 1867 411 1942 ἔφησε
424 1868 534 1944 πρώτην
548 1863 677 1933 τακτικὴν
693 1861 865 1938 μαθημάτων

326 1953 439 2009 Πλάτων
455 1953 469 2008 ό
483 1950 598 2024 κλεινός,
612 1952 759 2028 Σωκράτης
772 1948 924 2026 τολμητίας

327 2038 397 2118 εἶχεν
411 2042 446 2096 τόι
458 2042 552 2117 πρῶτα
564 2041 617 2094 τῶν
632 2039 760 2116 ἀριστέων
773 2039 851 2116 γέρα.

327 2114 416 2206 Πρωες
429 2125 516 2206 ἄρδην
530 2129 627 2190 πάντες
641 2121 825 2201 ἐξησκημένοι

326 2218 444 2292 Νέστωρ,
462 2199 607 2286 Οδυασεὺς,
624 2211 687 2270 ἀλλ’
702 2197 837 2291 Ᾰχιλλεὺς
847 2214 894 2268 καί
907 2211 1001 2286 πλέον,

327 2301 412 2366 δεινὸς
426 2301 534 2380 θεωρεῖν
546 2304 599 2356 τῶν
615 2299 688 2356 θ’λων
702 2303 750 2356 καί
763 2302 811 2364 τάς
825 2304 925 2378 φύσεις,

327 2393 431 2462 κίνησιν
447 2391 549 2466 ἄστρων
564 2390 612 2444 καί
624 2389 709 2466 φοράν
724 2385 759 2442 δι’
774 2389 863 2466 άιρος,

328 2481 374 2534 καί
387 2477 521 2556 ῥυθμικῆς
535 2477 662 2553 ίμπειρος
676 2477 866 2553 εὐαρμοστίας,

327 2569 447 2644 ἰατρικός
459 2584 488 2620 τε
500 2567 548 2619 καί
566 2561 693 2639 μαθητὴς
707 2563 872 2640 Κενταύρου.

326 2638 394 2709 itti*
410 2655 437 2708 ci
450 2653 531 2730 σοφοί
543 2653 601 2722 νῦν,
615 2649 688 2720 πλὴν
704 2651 756 2727 syo
774 2653 881 2728 μωροὺς
893 2649 976 2728 λέγω,

327 2741 377 2810 τὴν
390 2743 487 2817 γνῶσιν
503 2735 577 2794 ιῐπον
591 2734 719 2814 ἐμποδὼν
732 2739 781 2808 τῆς
795 2735 914 2814 ἀνδρίας.

530 2866 532 2872 ¹
585 2897 753 2956 55.nnn0.

478 3011 519 3067 Εἰς
530 3009 572 3059 τὸν
584 3011 724 3074 Μαίανδρον
736 3005 869 3072 ποταμόν.’

228 3119 234 3129 “
329 3132 365 3187 Τό
380 3133 428 3202 τῆς
442 3129 520 3200 δίκης
533 3133 587 3208 πῦρ
602 3127 667 3203 ὦδε,
686 3127 772 3206 μηδὲν
788 3127 927 3206 διστάοης,

329 3222 344 3274 ό
359 3220 485 3282 Κωκυτὸς
499 3215 663 3295 Μαίανδρος·
681 3216 744 3273 ἀλλ’
760 3217 920 3295 ἀπεσφάλην

330 3311 393 3364 οὐαὶ
403 3311 455 3386 γάρ
471 3305 574 3387 ἀνδρῶν
591 3311 671 3382 ἐστίν,
688 3306 820 3386 Λέανδρον
833 3307 917 3386 λέγω.

590 3467 638 3525 56.
653 3475 751 3528 ΑΔΔΟ.

403 3580 446 3639 Εἷς
459 3597 512 3631 τινα
526 3581 588 3630 πάνυ
605 3579 691 3646 μικρὸν
711 3581 845 3638 κελευσθεὶς
863 3582 936 3632 εἰπεῖν

561 3657 646 3720 στίχον
666 3654 772 3719 οχέδεον.

291 3775 329 3830 Οὐ
345 3772 466 3851 δύναμαι
479 3771 560 3830 ἰδέειν
574 3775 620 3830 τόν
636 3778 838 3851 σκωπτόμενον·
853 3779 1000 3853 σύγγνωτε.

595 3931 752 3989 57.κελο.

387 4041 428 4098 Εἰς
442 4040 500 4106 βοῦν
517 4043 558 4093 καί
573 4045 663 4107 τράγον
679 4043 717 4093 icti
727 4045 829 4099 πίνακος
841 4039 949 4110 οἰργυροῦ

552 4118 789 4181 ίγκεκολαμμίνους.

330 4237 389 4300 Πῶς
405 4233 470 4311 βοῦς
484 4237 625 4316 ὑπάρχων,
642 4237 766 4303 αὔλακας
774 4241 827 4314 γῆς
841 4241 873 4294 οὐ
888 4241 1001 4317 τέμνεις,

330 4321 393 4378 ἀλλ’
408 4326 444 4390 ὡς
456 4327 585 4402 πάροινος
599 4329 719 4404 ἀγρότης
730 4325 888 4398 άνεκλίθης;

328 4442 368 4452 -
382 4413 442 4476 Πῶς
457 4414 521 4490 οὐχί
535 4416 582 4469 καὶ
596 4417 628 4470 σὺ
643 4414 710 4493 πρός
723 4416 810 4490 νομὰς
824 4417 992 4494 άποτρέχεις,

330 4497 394 4554 ἀλλ’
410 4501 545 4579 ἀργυροῦν
558 4498 671 4556 εἴδωλον
685 4501 811 4573 ἕστηκας,
826 4506 925 4580 τράγε;

267 4597 280 4642 5
314 4601 315 4605 ’
330 4617 369 4629 -
382 4571 495 4659 ἕστηκα
508 4591 559 4659 τὴν
574 4590 625 4660 clyti
642 4585 795 4666 ἐξελέγχων
811 4592 917 4668 άργέαν.

433 4746 482 4805 58.
505 4745 665 4804 ΛΕΟΝΤΟΣ
688 4747 902 4808 ΦΙΛΟΣΟΦΟΥ.

512 4861 630 4923 ’Ῑαμόεῖοε
644 4861 735 4912 τούτου
750 4864 838 4928 στίχοι.

330 4960 409 5053 Πρρει
423 4977 457 5033 τά
471 4981 559 5056 σεμνά
570 4984 607 5056 τῷ
622 4985 713 5058 χρόνῳ
726 4985 764 5056 τῷ
780 4985 931 5060 παμφάγῳ,

328 5060 451 5143 διέφθορε
465 5068 500 5122 τά
512 5071 620 5146 χρηστά
633 5070 680 5124 καί
692 5071 726 5123 τὰ
737 5073 826 5145 τίμια,

1101 434 1131 492 Si
1144 451 1209 492 vero
1220 452 1299 492 rosas
1312 435 1502 492 admiscuisset
1515 435 1665 494 consolanti
1677 438 1785 512 poculo,

1102 523 1237 597 potuisset
1249 540 1358 580 manere
1370 524 1517 591 non-fleus,
1526 524 1613 582 donec
1626 525 1727 584 rediret
1738 527 1866 602 Ulysses.

1399 675 1443 729 53.
1462 683 1562 727 amun.
1769 721 1869 795 [dena

1102 771 1210 864 Amavit
1219 804 1300 880 Cityn
1313 803 1422 879 aliquis,
1433 823 1514 878 quem
1527 823 1582 862 non
1593 806 1796 873 victitantibus
1811 827 1869 864 cre·

1134 892 1870 972 llcupulcritudinemlnoaautcmdcoculisquerimur=

1394 1045 1560 1098 dh‘nmun.

1101 1174 1173 1232 Audi
1185 1175 1248 1239 ista,
1264 1179 1346 1239 tarra,
1362 1188 1447 1238 mare,
1464 1177 1492 1228 et
1506 1179 1536 1229 tu
1548 1172 1660 1229 coelum:

1102 1261 1215 1335 Ingenia
1228 1267 1292 1318 sunt
1305 1259 1524 1334 sapientiumque
1539 1267 1568 1317 et
1588 1261 1687 1317 ducum
1700 1267 1829 1318 veterum
1845 1281 1852 1316 :

1103 1351 1236 1408 isocrates
1249 1347 1373 1406 definivit
1386 1348 1469 1405 robur
1484 1353 1513 1405 ct
1525 1355 1642 1415 mentes,

1102 1437 1277 1512 Thucydides
1289 1435 1399 1493 miscuit
1414 1452 1491 1493 arma
1505 1442 1533 1494 et
1543 1437 1636 1503 verba,

1103 1532 1204 1591 orator,
1219 1525 1276 1582 dux
1288 1529 1317 1580 et
1330 1522 1450 1581 Pericles
1462 1531 1491 1580 et
1505 1524 1609 1589 Cimon,

1103 1612 1258 1669 Alcibiades
1272 1618 1300 1670 et
1312 1611 1508 1669 Themistocles
1521 1629 1646 1685 magnus,

1103 1700 1183 1757 ambo
1197 1699 1311 1775 perlch
1326 1719 1334 1758 ε
1349 1699 1472 1758 Phocion
1483 1700 1687 1757 lundamcntum
1701 1701 1868 1758 orationum.

1103 1785 1190 1844 Gracci
1199 1787 1244 1844 alii
1255 1787 1378 1845 sexcenti
1388 1787 1483 1845 Roma
1492 1788 1667 1862 precellunt:

1104 1875 1190 1934 edixit
1201 1875 1318 1950 primum
1332 1875 1455 1932 ordinem
1467 1876 1641 1932 scientiarum

1105 1965 1183 2022 Plato
1196 1965 1316 2031 inclitus,
1329 1965 1457 2022 Socrates
1472 1965 1563 2021 sudnx

1103 2053 1201 2110 hahuit
1213 2052 1316 2127 primos
1326 2053 1398 2110 inter
1411 2052 1550 2126 principes
1562 2053 1690 2110 honores.

1105 2142 1207 2196 llerocs
1220 2139 1328 2196 omnino
1342 2139 1433 2196 cuncti
1447 2139 1537 2196 edocti

1104 2229 1212 2292 Nestor,
1229 2227 1352 2302 Ulysses,
1366 2227 1415 2282 sed
1427 2226 1546 2283 Achilles
1560 2233 1588 2283 et
1601 2229 1690 2300 magis

1104 2315 1207 2389 peritus
1217 2315 1251 2370 ad
1261 2314 1455 2388 speculandum
1469 2331 1559 2369 rerum
1572 2315 1690 2370 omnium
1703 2321 1731 2370 et
1743 2324 1869 2378 naturas,

1104 2403 1223 2459 siderum
1235 2410 1347 2468 motum,
1363 2410 1391 2459 et
1404 2401 1595 2458 conversiones
1609 2420 1659 2475 per
1671 2419 1773 2470 aerem,

1104 2500 1133 2549 et
1147 2491 1307 2566 rhythmice
1322 2491 1417 2548 sollers
1432 2490 1632 2556 concinnitatis,

1105 2587 1133 2636 et
1145 2578 1397 2652 medicinasgnarus
1410 2585 1439 2634 et
1450 2577 1600 2651 discipulus
1614 2577 1754 2635 Centauri.

1105 2667 1160 2723 Sed
1179 2665 1316 2740 sapientes
1328 2684 1410 2732 nunc,
1424 2683 1492 2738 quos
1506 2683 1559 2739 ego
1576 2666 1674 2722 stultos
1688 2665 1762 2733 dico,

1106 2753 1255 2812 doctrinam
1270 2753 1363 2810 dixere
1377 2753 1487 2810 obstare
1499 2751 1661 2810 fortitudini.

1405 2913 1449 2966 55.
1469 2920 1568 2963 actuo.

1318 3021 1348 3069 ln
1359 3035 1463 3070 amnem
1477 3017 1650 3068 Maeandrum.

1107 3146 1122 3202 J
1125 3145 1222 3202 ustitia
1236 3144 1308 3218 ignis
1320 3145 1359 3202 ita
1371 3163 1400 3202 se
1413 3144 1506 3210 habet,
1522 3161 1556 3200 ne
1571 3142 1637 3216 quid
1651 3140 1777 3212 ambigas
1798 3159 1805 3194 :

1106 3234 1222 3307 Cocytus
1237 3233 1375 3290 Maeander
1389 3240 1446 3302 est3
1462 3233 1511 3288 sed
1526 3231 1623 3296 erravi,

1106 3322 1153 3378 Va
1167 3321 1238 3377 enim
1251 3320 1368 3377 virorum
1380 3317 1494 3394 (ἀνδρῶν)
1509 3326 1562 3384 est,
1576 3317 1726 3375 AEandrum
1740 3316 1816 3372 dico.

1404 3484 1447 3538 ὅθ.
1470 3490 1568 3533 saluo.

1137 3588 1167 3638 ln
1181 3589 1320 3653 quemdam
1332 3590 1467 3654 parvulum
1479 3587 1689 3646 homuncionem,
1699 3584 1793 3650 jussus
1806 3601 1839 3634 ex

1311 3675 1428 3729 tempore
1441 3676 1545 3712 versum
1559 3661 1655 3711 dicere.

1106 3789 1166 3846 Non
1179 3806 1292 3863 possum
1303 3789 1395 3846 videre
1409 3787 1579 3844 cavillantem
1595 3803 1602 3842 :
1620 3783 1765 3859 ignoscite.

1399 3948 1442 4000 57.
1463 3953 1563 3998 hLlUD.

1106 4052 1135 4102 In
1145 4053 1237 4102 hovem
1252 4057 1278 4101 et
1289 4049 1392 4100 hircum
1413 4049 1442 4098 in
1463 4054 1589 4114 argentea
1602 4045 1693 4097 tabula
1707 4044 1868 4110 insculptos.

1106 4245 1204 4314 Quare,
1215 4243 1266 4300 bos
1276 4247 1400 4307 cum-sis,
1415 4241 1505 4298 sulcos
1519 4247 1598 4298 terra
1611 4237 1796 4304 conscindis,

1106 4332 1154 4388 sed
1169 4340 1199 4388 ut
1211 4330 1364 4390 vinolentus
1377 4329 1496 4386 rusticus
1508 4327 1644 4385 recubas?

1105 4453 1140 4464 -
1154 4420 1244 4490 Quare
1257 4437 1312 4476 non
1326 4426 1354 4476 et
1367 4425 1396 4475 tu
1411 4419 1446 4475 ad
1459 4434 1562 4492 pascua
1573 4414 1704 4481 decurris,

1105 4509 1154 4565 sed
1169 4514 1199 4564 ut
1218 4515 1378 4580 argenteum
1391 4506 1563 4562 simulacrum
1576 4511 1645 4570 stus,
1658 4502 1756 4559 hirec?

1107 4627 1140 4636 —
1151 4595 1201 4653 Sto
1212 4601 1288 4652 tuum
1299 4593 1467 4668 redarguens
1481 4591 1630 4666 ignaviam.

1270 4759 1314 4812 58.
1334 4753 1459 4811 LEONIS
1477 4750 1703 4810 PHILOSOPHI.

1346 4859 1443 4911 lambei
1459 4859 1515 4925 ejus
1528 4871 1629 4908 sersus.

1100 4997 1103 5004 '
1140 4988 1250 5044 Abeunt
1263 4986 1418 5044 veneranda
1430 4994 1551 5060 tempore
1565 4982 1796 5046 omnia-vorante,

1142 5084 1351 5151 corrumpuntur
1363 5075 1435 5133 bona
1447 5081 1474 5132 et
1488 5074 1613 5140 honesta,
