3866 6016
254 433 310 490 366

256 557 411 622 bacchylide
429 573 497 607 nunc
515 557 541 608 lo
561 555 639 616 uitur,
655 559 701 622 qui
716 557 813 622 etipse
831 557 898 608 Ceus
914 563 981 607 erat.
997 575 1011 602 ο

256 628 336 690 depo.
359 651 389 662 -
410 625 456 673 Vs.
478 624 517 673 18.
541 573 691 688 legendum
711 623 858 688 putavimus
878 624 1010 682 Μείδιονοτ,

258 707 314 742 tum
329 689 398 755 apud
410 688 516 740 Suidam
531 688 566 738 sit
581 689 730 744 mitesces.
745 704 769 738 υ.
787 690 946 754 Βακχυλίδης.
960 687 1011 738 Lil.

255 759 334 822 Greg.
350 755 478 832 Gpraldue
492 755 528 804 De
541 755 609 804 Post.
622 755 682 806 laist.
695 753 764 804 Dial.
779 755 824 812 IX,
838 763 925 804 tamen
939 753 1014 804 Milo-

255 837 315 872 nem
330 819 435 886 scripsit
447 819 485 870 elo
496 819 597 870 locutus
613 835 619 869 τ
635 839 648 866 α
660 820 785 870 Milonem
795 827 900 935 petrem
912 819 1013 878 habuit,

255 898 284 938 ut
290 887 398 937 Pindari
409 884 569 952 expositores
580 886 693 944 tradunt,
704 885 730 935 id
742 901 793 950 quo
823 893 849 934 et
861 899 947 950 graeco
959 899 1015 934 car-

255 955 326 1004 mine
340 953 537 1029 comprobatum
546 951 638 1028 ‚iuveni
654 966 660 1001 ι
675 966 727 1016 quo
740 951 770 1028 tlt
781 959 810 1002 ut
823 951 883 1028 illos
896 950 953 1002 faui
966 965 1014 1016 pu·

256 1017 1016 1148 transmitteremusuturum

255 1149 306 1200 ἀλλ’
320 1150 467 1214 ἀδάμαντος,
480 1149 528 1199 sub
542 1163 593 1214 quo
606 1149 671 1198 latet
683 1148 804 1200 Alcmani
819 1147 902 1213 patris
910 1163 1015 1198 nomen.

256 1215 306 1265 Lil.
330 1214 444 1280 Gyraldo
463 1214 584 1280 placebat
603 1214 700 1264 Damas
720 1229 727 1263 :
748 1215 885 1264 «Patrem
904 1214 1016 1264 Alcman

256 1281 348 1331 habuit
359 1281 498 1340 Damnata,
512 1280 561 1340 rel,
572 1287 601 1329 ut
611 1279 666 1340 alii,
680 1277 807 1331 Titarum.
824 1298 837 1325 ν

291 1411 406 1462 LXXIV.
421 1409 527 1461 Editum
538 1417 579 1460 est
590 1425 649 1460 cum
662 1409 722 1461 aliis
733 1410 766 1462 od
778 1409 886 1460 Pindari
898 1407 979 1460 vitam
993 1415 1020 1459 et

259 1493 341 1542 opera
355 1476 545 1542 pertinentibus
560 1476 672 1540 primum
689 1478 722 1528 ab
735 1477 813 1537 Aldu,
828 1477 921 1526 Venet.
938 1477 1018 1538 1513ς

258 1541 320 1592 inde
337 1541 364 1592 in
381 1542 469 1592 multis
488 1541 598 1592 Pindari
613 1541 778 1592 editionibus.
800 1570 826 1579 -
846 1542 892 1592 Vs.
909 1543 933 1591 1.
952 1542 1017 1592 Hor.

260 1609 348 1659 Germ.
361 1609 407 1667 IV,
423 1610 437 1657 2
452 1624 458 1657 :
474 1607 616 1658 immensus
629 1608 755 1672 profundo
768 1608 898 1658 Pindarus
910 1622 966 1658 ore.
978 1607 1017 1656 ct.

259 1675 356 1724 Athen.
366 1673 437 1735 XIII,
449 1689 475 1738 p.
490 1675 537 1722 θθί
547 1673 578 1726 D.
587 1677 601 1724 θ
609 1675 635 1723 δί
648 1675 879 1738 μιγαλορουνύτατοι
888 1674 1017 1737 Πίνδαρος.

247 1741 291 1777 ’-
311 1739 358 1788 Vs.
380 1740 405 1788 2.
420 1738 499 1805 Vulg.
516 1741 642 1798 Κλεοδίκη,
663 1755 694 1788 cx
711 1741 830 1798 Κλτοθίκη
851 1737 910 1789 fleri
930 1737 1020 1789 debuit

260 1805 392 1863 Κλαυδίκη.
416 1804 468 1854 Ρτο
492 1805 616 1868 natatem
635 1804 730 1870 scripsi
749 1805 886 1871 Δαίράντῳ,
902 1811 932 1855 ut
950 1803 1020 1854 Infra

261 1873 302 1926 25.
319 1877 377 1921 σοιτί
389 1869 535 1938 palpantes,
553 1869 689 1922 usitatiore
706 1870 800 1920 forma.
820 1897 850 1908 -
869 1869 916 1920 Vs.
934 1871 958 1920 l.
974 1884 1018 1934 ap.

261 1933 335 1986 SuId.
368 1934 502 2000 Ἐρωτίων.
529 1955 542 1980 α
568 1936 638 1986 Idale
660 1935 800 2002 corripitur
842 1935 967 1986 enultima
992 1935 1020 1985 in

269 2003 419 2067 ’δριίτιμονς
434 2001 495 2051 lert.
511 2002 563 2064 ἅμα
578 2003 613 2065 τῷ
633 2003 754 2080 Ἐρίτιμύν
774 2001 795 2051 τ’
810 1951 890 2052 τύύύια
903 2003 988 2068 θήρην.
1005 2019 1018 2045 ν

262 2068 298 2116 lle
337 2102 344 2116 .
360 2095 389 2105 -
402 2067 462 2117 Vsa.
478 2069 492 2116 I
507 2083 547 2132 sq.
563 2067 596 2118 cl.
610 2068 701 2132 Antip.
717 2067 774 2118 Sid.
786 2067 866 2118 saur.
881 2066 937 2132 pnl.
948 2065 1018 2124 XVI,

263 2082 334 2191 θθύ,π
335 2139 361 2183 et
373 2132 503 2184 Christcd.
513 2133 609 2198 It'cplsr.
621 2133 668 2185 333
681 2148 739 2198 sqq.
749 2161 779 2170 -
791 2133 837 2182 Vs.
852 2134 892 2182 13.
904 2131 1020 2184 Subaadi

263 2197 491 2263 lasau,velpet1us
503 2198 560 2264 lege
570 2199 689 2262 μινοιναῖς
700 2205 745 2250 aut
756 2205 875 2264 μτνοινῇς.
884 2199 967 2248 -Vs.
978 2199 1020 2247 ut.

266 2286 278 2309 ι
293 2265 422 2328 Corrupta
435 2265 500 2315 haec.
518 2265 630 2331 θρήνους
646 2265 728 2316 latere
745 2263 773 2314 in
791 2263 890 2314 ultimis
905 2277 959 2313 non
974 2263 1021 2314 du·

264 2329 333 2390 bito,
347 2329 412 2380 sorte
425 2329 474 2380 suit
487 2331 604 2394 μακάριον
620 2332 752 2388 [isidoras.
760 2331 859 2396 ἀνδράσι
873 2332 976 2394 θρήνους
991 2355 1021 2367 ·-

264 2395 306 2444 καί
321 2395 391 2456 μύλος
406 2396 467 2460 (leg.
484 2396 553 2459 μέλη)
570 2396 724 2460 ὀρχηθμοῑσι.
743 2415 755 2440 ν
772 2397 853 2460 Ileprt.
872 2421 902 2432 -
916 2395 963 2444 Vs.
979 2396 1020 2444 33.

265 2459 417 2510 tradebatur
429 2463 524 2528 παρὼν,
542 2459 656 2511 correxit
671 2459 796 2525 Ileynius.
814 2487 846 2499 -
863 2461 910 2510 Vs.
924 2461 966 2510 31.
982 2459 1021 2510 ct.

267 2524 343 2575 PInd.
355 2525 444 2584 ritem,
455 2527 574 2576 a'Ihom.
583 2527 710 2590 Magistro
722 2525 896 2590 conscriptam
907 2527 1023 2584 ιτίθυηκι

266 2591 292 2640 δὲ
304 2593 317 2640 θ
330 2593 448 2656 Πίνδαρος
462 2593 486 2647 ἓξ
497 2592 539 2640 ’καί
549 2593 665 2650 ἐξήκοντα
677 2595 738 2641 ίτιῖιν
749 2593 864 2656 γεγονὼς,
875 2588 902 2652 ἢ,
911 2593 944 2647 ὥς
952 2607 1022 2648 τινος.

266 2657 427 2718 ὀγδοήκοντα,
438 2657 477 2706 inl
487 2658 576 2715 Ιλίιονος
587 2657 645 2724 (pro
659 2659 769 2713 ’λδίιυνος
778 2658 890 2707 correxit
897 2657 1022 2720 IIeynius)

267 2723 385 2788 άρχοντοτ
397 2725 461 2772 κατὰ
474 2725 547 2782 θκτην
560 2725 601 2773 καὶ
618 2724 783 2786 ὀγδοηκοστὴν
799 2724 966 2787 ὀλυμπιάδα...
979 2723 1023 2772 ubi

268 2787 349 2837 deleri
367 2789 440 2845 Ικτην
457 2789 499 2837 καί
509 2788 584 2853 jubet
597 2787 722 2851 Heynius.
736 2810 748 2836 ι
765 2787 794 2839 Si
805 2788 825 2838 it
861 2803 903 2846 ue,
916 2787 962 2846 ait,
975 2803 1023 2838 ua·

268 2861 369 2902 tuaest
393 2852 522 2904 Pindarus
541 2853 581 2904 Ol.
602 2854 681 2914 LXV,
705 2857 728 2904 1.
750 2869 810 2904 cuns
896 2867 1023 2906 annerum

269 2917 347 2968 luisse
365 2917 467 2969 dicatur
486 2933 555 2970 suno
574 2933 667 2984 pugnas
684 2919 845 2980 Salaminiae,
862 2934 968 2970 necesse
984 2927 1025 2970 est

269 2999 328 3034 eum
340 2984 437 3034 obiisse
448 2999 517 3035 anno
532 2985 619 3035 artatis
631 2985 709 3036 LXII.
724 2985 762 3036 De
775 2984 817 3036 his
830 2991 953 3036 accurate
970 2984 1025 3052 egit

269 3049 504 3102 Corsin.Fost.ott.
517 3051 550 3101 ad
562 3067 585 3100 e.
595 3066 619 3100 a.
631 3059 657 3100 et
667 3059 730 3102 tom.
738 3051 771 3110 ll,
778 3067 805 3118 p.
815 3051 846 3102 ts
858 3066 898 3116 sq.
911 3051 1024 3101 Necesse

270 3123 357 3165 tamen
369 3124 417 3170 est.
434 3115 576 3167 Pindarum
588 3115 682 3167 vixisse
692 3117 777 3168 adhuc
788 3117 835 3168 XII
845 3131 929 3168 anuos
940 3115 1024 3167 serius

268 3181 308 3231 Ol.
323 3182 461 3242 LXXXIII,
478 3183 502 3232 3.
519 3201 531 3227 ο
547 3183 635 3254 Hepn.

300 3321 401 3371 LXXV.
413 3323 450 3372 Ex
463 3323 595 3373 Plutarch.
608 3321 635 3372 in
646 3321 719 3374 Paul.
733 3321 822 3374 AEmil.
834 3324 898 3372 XV:
977 3323 1025 3372 ύπθ

266 3387 295 3436 rb
314 3388 412 3437 Ιίύθιον.
439 3389 557 3438 Ἐνταῦθα
571 3393 616 3438 τοῦ
639 3389 766 3449 Ὀλύμπου
783 3389 811 3438 τὸ
828 3389 890 3447 θύος
906 3388 1026 3440 άνατιίνιι

265 3453 337 3502 πλίον
354 3449 443 3513 ἦδίκα
457 3455 583 3508 σταδίους·
599 3456 743 3518 σημαίνεται
757 3454 783 3504 dl
802 3455 967 3518 ίπιγράμματι
980 3461 1024 3504 τού

268 3519 444 3582 μετρήσαντος,
455 3520 543 3574 οὕτως·
555 3521 689 3580 Οὐλύμπου
703 3537 728 3570 κ.
741 3537 765 3570 τ.
777 3523 799 3570 λ.
812 3523 901 3570 Καίτοι
913 3523 1024 3581 λέγουσιν

267 3587 291 3633 ol
302 3586 473 3647 γεωμετρικοὶ,
485 3589 546 3649 μήτι
558 3585 631 3651 ὄρους
642 3584 715 3648 ύψος,
729 3587 790 3650 μήτι
803 3589 877 3651 βάθος
887 3587 931 3644 τῆς
940 3587 1026 3636 emer·

266 3665 312 3708 υης
324 3651 479 3716 ύπιρδάλλιιν
495 3651 555 3704 δέκα
567 3651 689 3708 σταδίοις.
708 3651 738 3702 ¹0
753 3651 984 3717 μίντσιΞτναγύρας
995 3653 1025 3702 σύ

267 3716 402 3780 παρέργοις,
415 3717 475 3766 eut
487 3718 582 3780 μεθόδῳ
596 3717 638 3767 καί
650 3717 681 3766 δι’
695 3717 817 3783 δργάνοον,
830 3718 949 3782 τίληρίκαι
958 3717 1025 3768 δοκοῖ

267 3783 311 3840 τήν
326 3785 452 3846 μέτρησιν.
467 3809 496 3819 -
514 3783 559 3832 Vs.
576 3784 599 3832 θ.
616 3783 721 3844 Cernes,
737 3790 766 3832 ut
781 3783 911 3834 distichon
922 3783 956 3833 ad
968 3797 1025 3833 rec-

267 3853 321 3896 tum
336 3846 454 3896 ordinem
468 3847 612 3912 redigetur,
625 3850 686 3912 πρὸς
703 3850 805 3898 κάθιτσν
819 3849 840 3898 δ’
853 3850 957 3913 ίμὲτριι.
970 3848 1027 3899 Sin·

268 3911 335 3990 tanis
354 3911 381 3962 in
400 3913 501 3978 praefat.
519 3915 552 3963 nd
570 3914 632 3990 edit.
652 3915 722 3989 Ρίιιῑ.
742 3929 768 3962 ν.
788 3914 867 3989 ¹Arist.
887 3921 914 3964 et
931 3915 1023 3990 ίζαίοπ.

268 3979 1026 4120 tlt..t,t‘.'‘lntlt‘.⁰.⁵t.·¹tlt³lttuldttzltll

269 4109 396 4159 intellexit
410 4111 552 4173 Xylander,
566 4118 592 4161 et
604 4111 741 4160 ediderunt
754 4111 912 4162 recentiores
925 4126 1025 4170 omnes,

270 4189 316 4238 pro
330 4175 400 4238 vulg.
413 4177 482 4234 δέκα,
496 4177 565 4240 quod
578 4183 662 4226 exstat
675 4176 701 4226 iu
718 4185 783 4226 antt.
797 4177 989 4241 exemplaribus
1001 4185 1028 4226 et

268 4239 343 4290 libris
363 4255 425 4292 mss.
445 4242 519 4299 Μίαν,
538 4243 607 4306 quod
624 4241 751 4306 sequitur,
770 4242 893 4292 omittunt
911 4242 1025 4301 Monac..

269 4307 365 4366 Palat,
380 4305 481 4356 scilicet
494 4309 572 4370 quod,
587 4315 710 4372 corrupto
722 4309 847 4358 vocabulo
860 4309 959 4367 δικάδα,
975 4323 1027 4358 uon

269 4373 396 4421 haberent
415 4372 518 4422 librarii
536 4387 587 4437 quo
609 4373 736 4424 referrent
755 4375 890 4424 numerale
909 4374 976 4436 μίαν.
996 4401 1026 4410 -

269 4439 314 4488 Vs.
334 4440 358 4487 θ.
374 4440 429 4488 Ούκ
442 4440 548 4502 ἰρραιται
563 4440 591 4488 τὸ
608 4441 708 4503 χωρίον·
725 4437 785 4496 ἴσως
799 4458 839 4505 γρ.
857 4442 893 4490 τὰ
905 4440 956 4500 μὶν
968 4441 1029 4506 πρὸς

268 4506 303 4552 τά
323 4505 428 4569 μέτρα,
443 4505 485 4556 καὶ
501 4504 696 4560 ἅνταποθοτικῶς
710 4506 771 4570 πρὸς
787 4507 830 4555 τὸν
849 4511 893 4556 τοῦ
910 4505 1028 4570 θχομένου

269 4571 364 4634 στίχου,
382 4569 424 4620 Δί.
445 4570 505 4620 Cor.
527 4571 604 4620 codd.
621 4585 711 4621 omnes
727 4580 753 4621 et
771 4571 831 4622 edd.
849 4571 915 4630 um,
936 4571 1028 4636 Steph.

269 4638 360 4700 μίτρας
374 4635 437 4685 olim
450 4636 520 4700 μετά.

301 4775 416 4826 LXXVI.
434 4775 527 4838 Rhodi,
542 4774 569 4826 in
587 4775 645 4826 basi
661 4777 799 4828 columne.
815 4775 891 4827 Edid.
910 4777 1029 4840 Egmond

270 4849 295 4890 ct
307 4841 425 4904 Hepmau
436 4843 498 4892 ltin.
511 4849 530 4891 t.
546 4843 567 4900 I,
580 4857 606 4906 p.
621 4843 683 4903 δ’ίθς
696 4841 785 4892 Clasls.
800 4843 861 4892 ltin.
878 4843 910 4892 P.
923 4843 957 4902 11,
970 4857 992 4892 s.
1008 4844 1028 4902 I,

271 4921 296 4970 p.
312 4907 369 4956 228.
387 4907 427 4956 Ex
446 4908 495 4956 boc
512 4905 677 4968 wolckerus,
694 4907 760 4972 Syll.
780 4907 820 4957 ed.
836 4923 896 4958 ncr.
917 4923 946 4972 p.
967 4911 1028 4974 ¹9¹³

270 4987 300 5022 cx
318 4971 424 5022 ineditis
439 4972 557 5022 Richteri
575 4973 678 5024 schedis
696 4974 767 5024 dedit
784 4973 931 5024 Franckius
947 4976 1028 5025 [οιτον.

270 5053 310 5102 pr.
333 5041 358 5087 et
381 5038 427 5088 lat.
450 5039 568 5088 Rchter.
587 5053 612 5103 p.
633 5041 678 5088 135
703 5055 761 5104 sqq.
784 5041 900 5103 Repetiit
919 5040 1028 5090 Boeckh.

271 5103 349 5167 Cot-p.
365 5117 392 5152 n.
405 5106 479 5154 25⁴5.
493 5125 505 5150 a
520 5103 647 5155 columna
660 5111 699 5154 est
712 5104 876 5169 sepulcralis,
886 5105 927 5155 rel
942 5105 1028 5171 potius

270 5183 327 5228 ara,
345 5167 447 5233 opinor,
466 5169 629 5234 sepulcralis,
650 5177 679 5221 ut
697 5171 799 5236 reliqua
814 5171 919 5222 Rhodia
936 5187 1028 5222 monu-

271 5238 358 5285 menta
376 5249 433 5301 quse
454 5251 549 5286 nomen
564 5235 676 5302 genitivo
690 5251 839 5302 expressum
854 5237 997 5289 continent.
1012 5256 1025 5284 ν

711 426 968 488 ANTHOLOGIAE
989 426 1140 488 GRAECAE
1160 429 1387 490 APPENDICIS

1065 559 1166 610 uacet.
1201 559 1340 610 Hominem
1373 559 1544 610 architectum
1575 561 1655 612 luisse
1680 559 1833 626 suspicatur

1066 625 1194 675 Clarlrius.
1212 627 1314 686 Λαάγου
1328 641 1376 691 pro
1394 625 1498 692 vulgari
1512 627 1597 690 Λάγου
1615 632 1761 683 conuecto,
1778 635 1830 676 est.

1066 692 1205 756 Ποντιορεῖς
1213 691 1376 742 Rhodiorum
1385 691 1483 742 tribum
1492 691 1724 742 exlatimabatesse
1733 693 1832 742 Franc-

1066 756 1134 806 lsius.
1148 757 1218 807 Vero
1231 755 1342 808 similius
1354 765 1395 807 est
1405 760 1545 824 Ποντοοριῑς
1557 759 1704 819 Pontoreia,
1715 757 1832 810 Rhodio-

1066 837 1125 873 rum
1139 822 1210 888 pagi,
1224 837 1282 873 esse
1293 823 1403 874 incolas.

1100 970 1228 1022 LXXVII.
1240 971 1279 1022 Ex
1292 972 1388 1022 Athen.
1403 972 1472 1030 XIII,
1485 979 1549 1024 sect.
1564 973 1605 1036 θθ,
1621 989 1647 1038 ρ.
1665 974 1721 1024 θθθ.
1737 991 1751 1018 ι
1769 970 1834 1021 Fuit

1068 1036 1183 1086 Doricha
1195 1036 1319 1087 meretrix
1332 1037 1504 1098 Naucratitis,
1519 1053 1598 1103 quam
1610 1039 1753 1096 Charaxus,
1766 1038 1834 1101 Sap·

1069 1103 1136 1168 phus
1152 1102 1243 1162 irater,
1262 1103 1408 1167 deperibat.
1424 1123 1436 1147 ο
1452 1103 1507 1154 loc.
1532 1133 1555 1142 -
1572 1105 1619 1154 Vs.
1638 1108 1662 1154 1.
1682 1104 1834 1169 Deprarata

1069 1169 1834 1298 lithl⁰¹l'.⁸.⁰.‚'ll²¹¹l²‘iltl‘nlll‘llllllsslffillllssl

1070 1301 1175 1360 δεσμῶν.
1193 1299 1308 1350 Brunoh.
1326 1315 1333 1350 t
1348 1301 1404 1350 δστ.
1424 1300 1467 1365 μὶν
1486 1303 1520 1351 τὰ
1537 1301 1610 1352 πάλαι
1626 1303 1772 1364 κοσμήσατο
1792 1301 1835 1348 δε-

1071 1365 1143 1430 σμδς.
1155 1365 1414 1430 Vulgozaorprloase.
1430 1365 1505 1424 Quod
1516 1365 1643 1427 dedimus,
1659 1382 1683 1416 r.
1699 1367 1732 1416 cl.
1747 1367 1836 1416 Debe-

1072 1429 1126 1496 quii
1140 1430 1292 1496 conjectura
1306 1438 1357 1482 est.
1375 1459 1405 1470 -
1424 1431 1472 1482 Vs.
1492 1434 1516 1481 1.
1535 1432 1658 1498 σύγχρους
1672 1431 1739 1482 male
1755 1429 1836 1482 multi

1072 1497 1133 1546 Nat.
1147 1496 1256 1548 comitIs
1272 1497 1389 1562 exemplo
1407 1497 1527 1548 concolor
1543 1505 1687 1548 sertsmnt.
1707 1497 1838 1548 Fortasse

1072 1569 1161 1614 mmeu
1181 1563 1347 1614 scribendum
1366 1563 1490 1630 σύγχρους.
1510 1591 1541 1601 -
1556 1564 1603 1614 Vs.
1624 1567 1648 1614 δ.
1668 1563 1783 1614 Βταοολι.
1805 1577 1837 1612 ex

1072 1627 1174 1693 Toupio
1185 1631 1303 1692 Σαπρῶαι
1314 1629 1341 1679 θλ
1355 1644 1402 1695 pro
1413 1629 1483 1694 vulg.
1496 1631 1589 1694 Σαπφὼ
1597 1632 1622 1680 nl
1630 1631 1671 1691 δλς
1683 1628 1838 1694 corrigebat

1073 1695 1220 1746 casaubon.
1235 1697 1350 1758 Σαπφοῦς
1364 1698 1389 1746 αλ
1400 1696 1427 1744 at
1443 1714 1469 1760 μ.
1491 1723 1521 1733 -
1534 1696 1581 1746 Vs.
1597 1697 1622 1746 8.
1637 1696 1715 1759 Vulg.
1731 1695 1836 1758 γτγάκη,

1072 1760 1184 1812 Casaub.
1196 1759 1346 1812 emendarit
1359 1763 1446 1824 γιχδνη
1462 1761 1532 1826 quod
1545 1760 1654 1812 retinuit
1667 1761 1782 1811 Brunch.

1106 1899 1246 1951 LXXVIII.
1264 1900 1383 1951 Servavit
1395 1901 1492 1952 Athen.
1507 1902 1540 1960 X,
1557 1903 1605 1952 tta
1622 1916 1629 1951 t
1645 1901 1766 1964 θιαῖἒιηι
1782 1902 1806 1950 θ’
1822 1904 1836 1950 δ

1073 1967 1165 2022 Θάσιος
1174 1965 1277 2024 ἀθλητὴς
1287 1965 1378 2032 ταύρου
1388 1969 1461 2031 μόνος
1472 1969 1619 2032 κατέφαγον,
1630 1967 1664 2023 ὣς
1673 1966 1838 2021 Ποσείδιππός

1073 2049 1146 2097 φησιν
1167 2033 1192 2081 is
1214 2033 1403 2098 ίπιγράμμασιν·
1425 2032 1474 2083 λίαί
1493 2033 1549 2100 περὶ
1568 2051 1594 2083 κ.
1612 2049 1635 2082 τ.
1652 2035 1675 2084 λ.
1694 2033 1837 2096 Repetiere

1073 2095 1160 2155 multi,
1178 2098 1212 2147 Η.
1233 2097 1325 2162 Steph.
1348 2113 1374 2164 p.
1395 2099 1453 2156 52⁰,
1468 2099 1587 2148 Wechel.
1607 2113 1634 2164 p.
1653 2100 1695 2156 st,
1715 2098 1835 2158 Grotius,

1073 2161 1164 2214 sterit
1181 2178 1223 2228 gr.
1239 2163 1422 2216 Mentissam.
1440 2178 1467 2229 p.
1481 2165 1540 2224 358,
1557 2179 1616 2214 oum
1633 2165 1776 2214 lemmate:
1794 2165 1839 2219 Είς

1073 2230 1195 2290 Θταγὲνην
1207 2228 1250 2279 τδν
1263 2229 1355 2280 Odeson
1369 2231 1482 2289 ἀθλητήν.
1493 2229 1607 2280 Brunck.
1619 2229 1697 2280 snat.
1710 2229 1743 2289 II,
1754 2245 1779 2294 p.
1793 2231 1836 2288 13,

1073 2295 1179 2346 Jacobs.
1191 2293 1308 2360 Append.
1321 2311 1347 2346 n.
1361 2296 1403 2345 θθ.
1416 2323 1446 2334 -
1456 2295 1506 2346 Vs:
1516 2297 1540 2345 3.
1552 2295 1649 2346 Athen.
1658 2310 1740 2412 pacm
1752 2293 1838 2344 secuti
1922 2342 1923 2360 ,

1075 2367 1136 2411 sunt
1147 2375 1248 2422 omnes,
1260 2362 1361 2412 σίνικιν.
1372 2389 1403 2399 -
1413 2361 1453 2411 (δι’.
1461 2361 1582 2412 ίθοτιοιίι.
1591 2361 1625 2412 ad
1637 2361 1658 2411 0
1676 2374 1728 2424 prs.
1741 2375 1768 2424 p.
1777 2361 1838 2420 206,

1075 2429 1107 2477 θθ
1123 2441 1129 2476 :
1143 2427 1265 2490 Θταγίυης
1280 2425 1349 2489 γοῦν,
1364 2427 1446 2490 poelt,
1463 2427 1670 2485 Θάσιοςάδλητήι
1683 2423 1774 2494 ταύρου
1794 2443 1840 2476 κα-
1923 2435 1924 2440 ’

1075 2494 1164 2557 τίραγτ
1179 2493 1262 2556 μόνος·
1277 2489 1304 2548 bt
1317 2493 1359 2544 καί
1370 2509 1429 2556 φησι
1442 2493 1509 2557 παρά
1524 2509 1571 2543 τινι
1584 2499 1684 2556 ποιητῇ,
1699 2495 1733 2547 ιὐς
1746 2493 1839 2555 learns
1924 2524 1925 2546 ,

1076 2559 1182 2638 Μῃόνιον
1196 2561 1266 2637 βρῦν,
1278 2557 1355 2674 τρὶγουν
1368 2559 1458 2620 Λυδὸν,
1474 2559 1556 2625 πάτρη
1569 2560 1616 2625 γὰρ
1630 2561 1731 2624 βρώμην
1746 2559 1793 2607 ata
1808 2555 1840 2608 ἂν

1076 2624 1163 2688 ἐπισχι
1177 2626 1268 2680 (lases.

1076 2754 1136 2805 Vid.
1152 2763 1179 2805 et
1192 2755 1244 2804 inlr
1269 2753 1339 2806 inter
1352 2755 1474 2808 oraculo.

1110 2895 1224 2944 LXXIX.
1240 2895 1354 2956 Troizen,
1370 2895 1438 2946 cuit.
1455 2897 1512 2953 VII,
1526 2896 1584 2954 332,
1597 2910 1624 2960 p.
1640 2896 1697 2944 133.
1717 2915 1730 2940 ι
1746 2893 1840 2942 Tzetaa
1928 2886 1929 2904 ³

1077 2960 1220 3025 Posidippo
1232 2967 1337 3010 anctore
1350 2962 1466 3012 traditio
1477 2961 1632 3026 libycorum
1642 2960 1787 3010 draconum
1799 2975 1841 3008 ca·
1929 2976 1930 2998 ι

1078 3026 1175 3092 pitibus
1192 3024 1293 3090 lapides
1306 3026 1416 3077 inveniri
1435 3026 1632 3092 apostatricem
1649 3023 1744 3091 quibus
1761 3025 1840 3074 mode

1078 3107 1179 3146 currus.
1197 3091 1274 3142 modo
1295 3091 1362 3142 alius
1381 3092 1420 3144 rei
1443 3093 1528 3158 figura
1544 3091 1676 3156 insculpta
1692 3091 1840 3150 videretum

1078 3173 1127 3208 nec
1138 3165 1226 3208 tamen
1238 3158 1348 3222 liguram
1359 3173 1487 3223 apparere
1499 3157 1582 3224 prius,
1593 3171 1671 3223 quam
1684 3155 1800 3221 lapidem
1812 3155 1841 3204 in

1078 3239 1166 3273 ceram
1184 3222 1219 3272 im
1240 3223 1457 3275 resumendae.
1476 3225 1515 3275 De
1531 3221 1666 3274 dracontia
1685 3222 1771 3286 lapide
1785 3222 1842 3271 rid.

1079 3288 1147 3340 Plio.
1160 3289 1207 3338 XX
1235 3327 1241 3348 ,
1255 3289 1296 3340 37.
1311 3317 1340 3326 -
1354 3291 1400 3339 Vs.
1412 3293 1437 3340 θ.
1450 3291 1535 3340 Treta.
1545 3292 1646 3354 κεφαλῇ.
1661 3315 1691 3325 -
1702 3289 1748 3337 Vs.
1764 3288 1788 3336 3.
1802 3287 1840 3336 id.

1077 3356 1161 3421 λιυτᾷ,
1177 3363 1340 3419 repugnante
1353 3363 1446 3406 metro.
1464 3383 1493 3394 -·
1510 3357 1557 3407 Vs.
1570 3357 1595 3405 1.
1612 3373 1625 3401 ι
1641 3355 1698 3404 Hoc
1712 3359 1790 3418 poeta
1803 3351 1842 3402 vi·

1079 3422 1154 3471 detur
1167 3420 1254 3470 dicere
1269 3435 1276 3470 τ
1292 3435 1397 3471 omrem
1409 3421 1437 3472 in
1447 3421 1495 3472 hoc
1505 3420 1593 3487 lapide
1603 3419 1727 3471 latentem
1741 3433 1796 3468 non
1808 3418 1842 3468 iis

1079 3487 1172 3552 quibua
1181 3486 1326 3552 scalptores
1331 3487 1408 3551 vulgo
1418 3495 1534 3546 utuntur,
1544 3485 1724 3538 iustrumentIe
1732 3485 1842 3543 lactum,

1079 3553 1125 3602 sed
1144 3551 1219 3616 quasi
1238 3552 1321 3616 lyncei
1336 3553 1404 3603 oculi
1423 3555 1515 3604 obtutu
1531 3553 1601 3602 intus
1621 3551 1649 3601 in
1661 3550 1727 3616 ipsis
1743 3549 1843 3614 lapidis

1078 3617 1222 3668 visceribus
1234 3619 1363 3684 scalptum
1375 3635 1442 3670 esse.
1457 3639 1470 3664 a
1484 3619 1541 3670 Jo'c.

1111 3759 1215 3809 LXXX.
1223 3759 1248 3808 Α
1256 3757 1311 3808 rino
1321 3758 1354 3808 cl.
1365 3760 1464 3810 Brunet
1474 3759 1506 3809 de
1518 3758 1610 3808 Prssle
1620 3755 1844 3808 communicatum

1079 3825 1172 3885 habeo,
1181 3823 1226 3890 qui
1237 3824 1305 3874 uude
1316 3825 1417 3874 reniret
1428 3840 1480 3874 non
1492 3823 1601 3875 monuit.
1614 3824 1705 3888 Nuper
1717 3837 1748 3872 ex
1760 3821 1846 3884 bybli·

1079 3891 1121 3941 nIs
1133 3890 1192 3940 eod.
1205 3905 1268 3940 mss.
1284 3889 1328 3955 qui
1345 3889 1370 3940 in
1388 3891 1478 3940 Museo
1494 3890 1591 3956 Luper.
1605 3896 1742 3939 serrantur
1758 3887 1847 3936 edidit

1079 3971 1138 4006 cum
1148 3955 1267 4006 versione
1284 3956 1381 4021 gallica
1394 3967 1421 4006 et
1433 3955 1502 4006 notis
1515 3969 1541 4006 v.
1559 3955 1586 4008 d.
1598 3953 1723 4014 Weilius,
1731 3951 1848 4003 Journal

1079 4023 1125 4072 des
1135 4023 1197 4073 San.
1212 4023 1285 4082 1313,
1298 4038 1324 4087 p.
1336 4023 1423 4072 tu-:ta
1436 4022 1475 4072 De
1487 4023 1574 4072 Pharo
1584 4029 1610 4072 et
1621 4019 1687 4070 turri
1696 4019 1723 4068 iu
1736 4033 1767 4068 es
1778 4019 1846 4067 sedi-

1080 4089 1158 4138 llcata
1168 4086 1196 4137 in
1208 4087 1319 4138 salutem
1331 4086 1519 4151 navigantium,
1530 4086 1588 4137 ride
1600 4086 1668 4136 inter
1681 4083 1847 4134 recentiores

1080 4152 1276 4204 Montelnlcouii
1289 4153 1423 4204 dissertat.
1440 4153 1468 4203 in
1488 4151 1726 4204 contraeundum·
1745 4152 1846 4200 Inscrr.

1080 4221 1131 4270 vol.
1146 4219 1190 4278 VI,
1207 4235 1233 4284 p.
1246 4221 1368 4278 eto-tea,
1379 4219 1482 4282 Caylus,
1496 4217 1598 4270 Rseusil
1610 4217 1742 4282 a'Aniiqq.
1754 4219 1847 4280 epypt.

1080 4293 1100 4335 t.
1120 4285 1153 4344 II,
1173 4284 1208 4350 pl.
1227 4285 1269 4344 st,
1286 4285 1410 4336 Latronn.
1431 4285 1583 4336 lleclterches
1600 4297 1670 4348 pour
1683 4284 1776 4342 servir,
1792 4292 1846 4331 etc.

1082 4367 1107 4416 p.
1126 4353 1168 4411 13,
1188 4357 1214 4400 et
1234 4351 1303 4400 inter
1321 4359 1422 4401 veteres
1439 4351 1566 4414 Stephan.
1586 4349 1645 4412 Byr.
1667 4363 1689 4398 s.
1704 4363 1728 4396 r.
1747 4349 1847 4412 Φάρος,

1082 4417 1165 4466 Tzets.
1185 4417 1251 4466 Ilist.
1272 4416 1292 4466 I.
1318 4419 1359 4478 23,
1379 4417 1424 4478 IV,
1447 4419 1505 4475 533,
1528 4422 1556 4465 et
1574 4413 1695 4478 inprimis
1717 4413 1848 4463 Strabon.

1081 4483 1163 4540 xvu,
1180 4497 1199 4542 1,
1220 4483 1235 4531 θ
1254 4496 1261 4532 t
1282 4482 1334 4532 lert
1349 4483 1376 4532 di
1395 4483 1436 4532 καί
1453 4483 1514 4532 αὐτὸ
1534 4482 1562 4530 τὸ
1582 4482 1626 4539 τῆς
1646 4479 1745 4538 νησῖδος
1763 4478 1848 4542 ἀκρον

1081 4549 1158 4612 πέτρα
1176 4549 1346 4612 περίκλυστος,
1368 4547 1461 4612 ἔχουσα
1484 4547 1578 4610 πύργου
1601 4546 1750 4608 θαυμαστῶς
1769 4561 1849 4594 καττ-

1082 4615 1251 4676 σκτυοισμίνσν
1272 4615 1362 4664 λιυκσῦ
1386 4615 1453 4663 λίθου
1473 4613 1637 4679 πολυύρορον,
1661 4611 1797 4673 ὁμώνυμον
1819 4613 1851 4677 τῇ

1082 4682 1158 4743 νήσῳ·
1174 4677 1263 4730 τοῦτον
1279 4676 1302 4728 δ’
1318 4679 1420 4737 ἀνέθηκε
1435 4680 1581 4744 Σώστρατος
1597 4678 1694 4732 Κνίδιος
1708 4677 1778 4738 φίλος
1798 4678 1850 4722 τῶν

1083 4746 1211 4810 βασιλέων,
1234 4746 1277 4805 τῆς
1297 4745 1346 4796 τῶν
1367 4745 1537 4807 πλωιζομὲνων
1557 4744 1681 4806 σωτηρίας
1702 4742 1792 4806 χάριν,
1817 4743 1852 4796 ῶς

1083 4829 1154 4874 φησιν
1172 4815 1188 4868 ἡ
1208 4812 1337 4876 ίπιγραρή.
1363 4811 1436 4868 Quod
1458 4809 1524 4860 adeo
1545 4806 1728 4873 epigrammati
1751 4815 1852 4854 nostro

1083 4875 1203 4926 convenit
1216 4885 1245 4926 ut
1261 4892 1291 4925 ex
1304 4892 1344 4936 eo,
1364 4891 1421 4942 quse
1433 4875 1506 4934 dixit,
1524 4875 1620 4926 Strabo
1637 4872 1742 4923 duxisse
1757 4871 1854 4946 viden·

1084 4949 1134 4992 tur.
1161 4942 1199 4994 CI.
1224 4941 1294 4992 PIIn.
1316 4943 1435 5000 XXXVI,
1459 4943 1499 4990 13.
1523 4967 1554 4978 -
1575 4941 1622 4990 Vs.
1644 4941 1666 4989 1.
1689 4938 1727 4988 Cf.
1749 4937 1851 5000 Eurtp.

1083 5007 1137 5059 Iret.
1160 5009 1174 5058 5
1197 5007 1339 5072 εΙΙριοτιὺς
1423 5008 1508 5068 Φάρον
1529 5006 1572 5069 μὲν
1596 5007 1671 5056 οἰκῶν
1691 5005 1780 5064 νῆσον,
1806 5004 1852 5053 Δί-

1082 5075 1176 5136 γύπτου
1187 5075 1208 5123 δ’
1218 5073 1286 5130 ἅναξ.
1304 5101 1334 5112 -
1350 5073 1396 5123 Vs.
1416 5075 1440 5123 2.
1458 5071 1567 5123 Bruneti
1581 5069 1773 5136 apographum,
1788 5083 1851 5118 cum

1082 5139 1214 5190 mentione
1222 5140 1268 5200 sic,
1279 5139 1412 5204 Διοφάνου.
1420 5165 1449 5176 -
1456 5139 1503 5188 Vs.
1513 5139 1537 5190 3.
1549 5136 1586 5188 id.
1596 5151 1765 5200 σκοπιορησοι
1773 5135 1852 5198 (εἰσλς

1083 5223 1229 5290 suspicatus
1239 5229 1449 5289 οτκθσκοπιυρτις
1461 5239 1511 5284 σοι,
1525 5219 1584 5272 cod.
1601 5211 1854 5274 (monetot-

1306 2639 1321 2672 e
1335 2625 1386 2675 hoc
1400 2623 1455 2674 The
1492 2638 1539 2674 ene
1555 2623 1599 2675 adi
1612 2625 1728 2674 Pausan.
1741 2623 1788 2681 v1,
1802 2638 1839 2682 m,
1925 2614 1926 2642 l

1076 2691 1131 2747 t-t,
1148 2696 1176 2740 et
1192 2688 1270 2739 Dion.
1283 2689 1374 2752 Chrys.
1393 2689 1466 2740 θοαί.
1506 2691 1576 2749 XXI,
1590 2705 1616 2755 p.
1631 2691 1689 2740 317.
1706 2689 1789 2739 Ileisk.
1808 2715 1839 2725 -
1926 2704 1927 2724 ι
