<?xml version="1.0" encoding="UTF-8"?>
<!DOCTYPE html PUBLIC "-//W3C//DTD XHTML 1.0 Transitional//EN"
    "http://www.w3.org/TR/xhtml1/DTD/xhtml1-transitional.dtd">
<html xmlns="http://www.w3.org/1999/xhtml" xml:lang="en" lang="en">
 <head>
  <title>
</title>
<meta http-equiv="Content-Type" content="text/html;charset=utf-8" />
  <meta name='ocr-system' content='tesseract 3.04.00' />
  <meta name='ocr-capabilities' content='ocr_page ocr_carea ocr_par ocr_line ocrx_word'/>
</head>
<body>
  <div class='ocr_page' id='page_1' title='image "./epigrammatumant02couggoog/epigrammatumant02couggoog_0054.png"; bbox 0 0 3818 6012; ppageno 0'>
   <div class='ocr_carea' id='block_1_1' title="bbox 498 415 1673 490">
    <p class='ocr_par' dir='ltr' id='par_1_1' title="bbox 498 415 1673 490">
     <span class='ocr_line' id='line_1_1' title="bbox 498 415 1673 490; baseline 0.01 -12"><span class='ocrx_word' id='word_1_1' title='bbox 498 415 625 478; x_wconf 84' lang='lat' dir='ltr'>CAPUT</span> <span class='ocrx_word' id='word_1_2' title='bbox 646 417 670 478; x_wconf 89' lang='lat' dir='ltr'><strong>l.</strong></span> <span class='ocrx_word' id='word_1_3' title='bbox 694 419 978 482; x_wconf 80' lang='lat' dir='ltr'><strong>EPIGRAMMATA</strong></span> <span class='ocrx_word' id='word_1_4' title='bbox 998 422 1269 484; x_wconf 79' lang='lat' dir='ltr'><strong>DEDICATORIA.</strong></span> <span class='ocrx_word' id='word_1_5' title='bbox 1635 429 1673 490; x_wconf 73' lang='grc'><strong>43</strong></span> 
     </span>
    </p>
   </div>
   <div class='ocr_carea' id='block_1_2' title="bbox 51 545 789 719">
    <p class='ocr_par' dir='ltr' id='par_1_2' title="bbox 51 545 789 719">
     <span class='ocr_line' id='line_1_2' title="bbox 81 545 789 627; baseline 0.008 -25"><span class='ocrx_word' id='word_1_6' title='bbox 81 545 187 602; x_wconf 68' lang='lat' dir='ltr'><strong>totvm</strong></span> <span class='ocrx_word' id='word_1_7' title='bbox 200 547 316 620; x_wconf 75' lang='grc' dir='ltr'>τιμήεις</span> <span class='ocrx_word' id='word_1_8' title='bbox 332 551 383 604; x_wconf 83' lang='grc' dir='ltr'>καὶ</span> <span class='ocrx_word' id='word_1_9' title='bbox 399 551 552 627; x_wconf 82' lang='grc' dir='ltr'>ἐπώνυμος,</span> <span class='ocrx_word' id='word_1_10' title='bbox 568 549 588 620; x_wconf 79' lang='grc' dir='ltr'>ἠ</span> <span class='ocrx_word' id='word_1_11' title='bbox 607 554 655 627; x_wconf 83' lang='grc' dir='ltr'><strong>μὲν</strong></span> <span class='ocrx_word' id='word_1_12' title='bbox 670 553 789 610; x_wconf 72' lang='grc' dir='ltr'>ἄνασσαν</span> 
     </span>
     <span class='ocr_line' id='line_1_3' title="bbox 51 631 761 719; baseline 0.017 -34"><span class='ocrx_word' id='word_1_13' title='bbox 51 637 100 718; x_wconf 58' lang='grc' dir='ltr'><strong>ῶξς</strong></span> <span class='ocrx_word' id='word_1_14' title='bbox 114 631 211 707; x_wconf 67' lang='grc' dir='ltr'>βουλὴν</span> <span class='ocrx_word' id='word_1_15' title='bbox 227 635 396 712; x_wconf 78' lang='grc' dir='ltr'>ἀγέρεσθαι,</span> <span class='ocrx_word' id='word_1_16' title='bbox 412 638 458 692; x_wconf 77' lang='grc' dir='ltr'><strong>ἵνα</strong></span> <span class='ocrx_word' id='word_1_17' title='bbox 471 637 656 717; x_wconf 88' lang='grc' dir='ltr'>πρωτόθρονες</span> <span class='ocrx_word' id='word_1_18' title='bbox 670 639 761 719; x_wconf 74' lang='grc' dir='ltr'>ἕδραι·</span> 
     </span>
    </p>
   </div>
   <div class='ocr_carea' id='block_1_3' title="bbox 906 551 1676 717">
    <p class='ocr_par' dir='ltr' id='par_1_3' title="bbox 906 551 1676 717">
     <span class='ocr_line' id='line_1_4' title="bbox 906 551 1675 629; baseline 0.01 -24"><span class='ocrx_word' id='word_1_19' title='bbox 906 551 971 607; x_wconf 90' lang='lat' dir='ltr'><strong>Ideo</strong></span> <span class='ocrx_word' id='word_1_20' title='bbox 994 553 1145 609; x_wconf 91' lang='lat' dir='ltr'><strong>honoratus</strong></span> <span class='ocrx_word' id='word_1_21' title='bbox 1172 560 1200 608; x_wconf 89' lang='lat' dir='ltr'><strong>et</strong></span> <span class='ocrx_word' id='word_1_22' title='bbox 1223 551 1560 629; x_wconf 82' lang='lat' dir='ltr'><strong>nomine-annum·potans</strong></span> <span class='ocrx_word' id='word_1_23' title='bbox 1583 564 1675 614; x_wconf 86' lang='lat' dir='ltr'><strong>consul</strong></span> 
     </span>
     <span class='ocr_line' id='line_1_5' title="bbox 1414 643 1676 717; baseline 0.015 -20"><span class='ocrx_word' id='word_1_24' title='bbox 1414 645 1481 714; x_wconf 69' lang='lat' dir='ltr'><strong>[nait</strong></span> <span class='ocrx_word' id='word_1_25' title='bbox 1492 643 1539 716; x_wconf 91' lang='lat' dir='ltr'><strong>qui</strong></span> <span class='ocrx_word' id='word_1_26' title='bbox 1552 645 1676 717; x_wconf 82' lang='lat' dir='ltr'><strong>reginam</strong></span> 
     </span>
    </p>
   </div>
   <div class='ocr_carea' id='block_1_4' title="bbox 81 719 1673 810">
    <p class='ocr_par' dir='ltr' id='par_1_4' title="bbox 81 719 1673 810">
     <span class='ocr_line' id='line_1_6' title="bbox 81 719 1673 810; baseline 0.008 -32"><span class='ocrx_word' id='word_1_27' title='bbox 81 719 171 810; x_wconf 64' lang='lat' dir='ltr'><strong>antea</strong></span> <span class='ocrx_word' id='word_1_28' title='bbox 185 719 209 778; x_wconf 81' lang='grc' dir='ltr'><strong>δ’</strong></span> <span class='ocrx_word' id='word_1_29' title='bbox 226 721 292 778; x_wconf 81' lang='grc' dir='ltr'>οὔτε</span> <span class='ocrx_word' id='word_1_30' title='bbox 309 729 395 800; x_wconf 82' lang='grc' dir='ltr'>γένος</span> <span class='ocrx_word' id='word_1_31' title='bbox 412 725 613 806; x_wconf 86' lang='grc' dir='ltr'>βασιλεύτερος,</span> <span class='ocrx_word' id='word_1_32' title='bbox 633 729 695 785; x_wconf 84' lang='grc' dir='ltr'>οὔτε</span> <span class='ocrx_word' id='word_1_33' title='bbox 713 751 740 786; x_wconf 88' lang='grc' dir='ltr'>τι</span> <span class='ocrx_word' id='word_1_34' title='bbox 757 736 850 809; x_wconf 82' lang='grc' dir='ltr'>φωνην</span> <span class='ocrx_word' id='word_1_35' title='bbox 905 729 1048 786; x_wconf 85' lang='lat' dir='ltr'><strong>incuriam</strong></span> <span class='ocrx_word' id='word_1_36' title='bbox 1063 728 1263 798; x_wconf 71' lang='lat' dir='ltr'>admitteretur,</span> <span class='ocrx_word' id='word_1_37' title='bbox 1276 729 1673 802; x_wconf 87' lang='lat' dir='ltr'><strong>uhiprimis-in·suhselliisse-</strong></span> 
     </span>
    </p>
   </div>
   <div class='ocr_carea' id='block_1_5' title="bbox 51 803 817 2864">
    <p class='ocr_par' dir='ltr' id='par_1_5' title="bbox 51 803 817 2864">
     <span class='ocr_line' id='line_1_7' title="bbox 81 803 817 892; baseline 0.014 -24"><span class='ocrx_word' id='word_1_38' title='bbox 81 809 198 892; x_wconf 83' lang='grc' dir='ltr'>Ηρώδεω·</span> <span class='ocrx_word' id='word_1_39' title='bbox 213 809 354 886; x_wconf 85' lang='grc' dir='ltr'>γλῶσσαν</span> <span class='ocrx_word' id='word_1_40' title='bbox 371 813 401 870; x_wconf 89' lang='grc' dir='ltr'><strong>δέ</strong></span> <span class='ocrx_word' id='word_1_41' title='bbox 413 819 442 872; x_wconf 93' lang='grc' dir='ltr'>τέ</span> <span class='ocrx_word' id='word_1_42' title='bbox 460 837 504 892; x_wconf 89' lang='grc' dir='ltr'><strong>μιν</strong></span> <span class='ocrx_word' id='word_1_43' title='bbox 519 815 664 872; x_wconf 70' lang='grc' dir='ltr'>καλέουσιν</span> <span class='ocrx_word' id='word_1_44' title='bbox 678 803 817 892; x_wconf 80' lang='grc' dir='ltr'>Ᾰθηνέοιν.</span> 
     </span>
     <span class='ocr_line' id='line_1_8' title="bbox 81 893 706 985; baseline 0.01 -26"><span class='ocrx_word' id='word_1_45' title='bbox 81 893 96 960; x_wconf 85' lang='lat' dir='ltr'><strong>ti</strong></span> <span class='ocrx_word' id='word_1_46' title='bbox 108 903 133 958; x_wconf 81' lang='grc' dir='ltr'><strong>δὲ</strong></span> <span class='ocrx_word' id='word_1_47' title='bbox 146 905 190 958; x_wconf 84' lang='grc' dir='ltr'>καὶ</span> <span class='ocrx_word' id='word_1_48' title='bbox 202 905 275 974; x_wconf 69' lang='grc' dir='ltr'>αὐτη</span> <span class='ocrx_word' id='word_1_49' title='bbox 292 923 351 984; x_wconf 88' lang='grc' dir='ltr'><strong>περ</strong></span> <span class='ocrx_word' id='word_1_50' title='bbox 366 904 553 985; x_wconf 76' lang='grc' dir='ltr'>καλλίσφυρος</span> <span class='ocrx_word' id='word_1_51' title='bbox 563 909 706 982; x_wconf 85' lang='grc' dir='ltr'>Αἰνειώνη,</span> 
     </span>
     <span class='ocr_line' id='line_1_9' title="bbox 80 990 713 1072; baseline 0.011 -24"><span class='ocrx_word' id='word_1_52' title='bbox 80 998 117 1048; x_wconf 76' lang='grc' dir='ltr'>καὶ</span> <span class='ocrx_word' id='word_1_53' title='bbox 129 990 322 1068; x_wconf 79' lang='grc' dir='ltr'>Γανυμηδείη,</span> <span class='ocrx_word' id='word_1_54' title='bbox 344 996 393 1050; x_wconf 85' lang='grc' dir='ltr'>καὶ</span> <span class='ocrx_word' id='word_1_55' title='bbox 408 992 558 1072; x_wconf 79' lang='grc' dir='ltr'>Δαρδάνων</span> <span class='ocrx_word' id='word_1_56' title='bbox 573 999 651 1072; x_wconf 82' lang='grc' dir='ltr'>γένος</span> <span class='ocrx_word' id='word_1_57' title='bbox 663 997 713 1070; x_wconf 73' lang='grc' dir='ltr'><strong>ἦεν</strong></span> 
     </span>
     <span class='ocr_line' id='line_1_10' title="bbox 51 1067 807 1168; baseline 0.016 -31"><span class='ocrx_word' id='word_1_58' title='bbox 51 1102 69 1145; x_wconf 85' lang='lat' dir='ltr'><strong>tt</strong></span> <span class='ocrx_word' id='word_1_59' title='bbox 80 1086 154 1162; x_wconf 79' lang='grc' dir='ltr'>Τρωὸς</span> <span class='ocrx_word' id='word_1_60' title='bbox 167 1067 371 1160; x_wconf 71' lang='grc' dir='ltr'>Ιδριχθονίδαο.</span> <span class='ocrx_word' id='word_1_61' title='bbox 391 1086 429 1140; x_wconf 78' lang='grc' dir='ltr'><strong>Σύ</strong></span> <span class='ocrx_word' id='word_1_62' title='bbox 445 1083 482 1160; x_wconf 86' lang='grc' dir='ltr'><strong>δ’,</strong></span> <span class='ocrx_word' id='word_1_63' title='bbox 499 1089 523 1144; x_wconf 85' lang='grc' dir='ltr'><strong>εἰ</strong></span> <span class='ocrx_word' id='word_1_64' title='bbox 538 1085 628 1164; x_wconf 86' lang='grc' dir='ltr'>φίλον,</span> <span class='ocrx_word' id='word_1_65' title='bbox 647 1090 706 1167; x_wconf 80' lang='grc' dir='ltr'>ἱερὰ</span> <span class='ocrx_word' id='word_1_66' title='bbox 720 1087 807 1168; x_wconf 78' lang='grc' dir='ltr'>ῥέξαι,</span> 
     </span>
     <span class='ocr_line' id='line_1_11' title="bbox 79 1169 765 1257; baseline 0.009 -30"><span class='ocrx_word' id='word_1_67' title='bbox 79 1175 116 1227; x_wconf 79' lang='grc' dir='ltr'><strong>ιεὶ</strong></span> <span class='ocrx_word' id='word_1_68' title='bbox 127 1170 201 1226; x_wconf 78' lang='grc' dir='ltr'>θῦσαι</span> <span class='ocrx_word' id='word_1_69' title='bbox 216 1169 324 1248; x_wconf 81' lang='grc' dir='ltr'>(θυέων</span> <span class='ocrx_word' id='word_1_70' title='bbox 341 1177 413 1252; x_wconf 84' lang='grc' dir='ltr'>ἀτὰρ</span> <span class='ocrx_word' id='word_1_71' title='bbox 428 1175 479 1232; x_wconf 78' lang='grc' dir='ltr'>οὐκ</span> <span class='ocrx_word' id='word_1_72' title='bbox 492 1178 619 1240; x_wconf 81' lang='grc' dir='ltr'>ἀέκοντος</span> <span class='ocrx_word' id='word_1_73' title='bbox 633 1177 765 1257; x_wconf 80' lang='grc' dir='ltr'>ἀνάγκη)·</span> 
     </span>
     <span class='ocr_line' id='line_1_12' title="bbox 80 1259 685 1346; baseline 0.007 -28"><span class='ocrx_word' id='word_1_74' title='bbox 80 1262 122 1318; x_wconf 75' lang='lat' dir='ltr'><strong>aiei</strong></span> <span class='ocrx_word' id='word_1_75' title='bbox 131 1282 170 1317; x_wconf 86' lang='grc' dir='ltr'><strong>τοι</strong></span> <span class='ocrx_word' id='word_1_76' title='bbox 183 1259 348 1321; x_wconf 77' lang='grc' dir='ltr'>εὐσεθέεσσι</span> <span class='ocrx_word' id='word_1_77' title='bbox 361 1268 411 1322; x_wconf 81' lang='grc' dir='ltr'>καί</span> <span class='ocrx_word' id='word_1_78' title='bbox 423 1267 523 1346; x_wconf 75' lang='grc' dir='ltr'>ἡρώων</span> <span class='ocrx_word' id='word_1_79' title='bbox 539 1263 685 1344; x_wconf 82' lang='grc' dir='ltr'>ἀλεγίζειν.</span> 
     </span>
     <span class='ocr_line' id='line_1_13' title="bbox 79 1353 790 1435; baseline 0.013 -29"><span class='ocrx_word' id='word_1_80' title='bbox 79 1353 110 1406; x_wconf 77' lang='lat' dir='ltr'><strong>(ti</strong></span> <span class='ocrx_word' id='word_1_81' title='bbox 124 1355 234 1430; x_wconf 79' lang='grc' dir='ltr'>μὲνγὰρ</span> <span class='ocrx_word' id='word_1_82' title='bbox 248 1353 359 1428; x_wconf 73' lang='grc' dir='ltr'>θνητή,</span> <span class='ocrx_word' id='word_1_83' title='bbox 377 1358 446 1435; x_wconf 78' lang='grc' dir='ltr'>ἀτὰρ</span> <span class='ocrx_word' id='word_1_84' title='bbox 462 1353 527 1412; x_wconf 80' lang='grc' dir='ltr'>οὐδὲ</span> <span class='ocrx_word' id='word_1_85' title='bbox 541 1356 637 1414; x_wconf 88' lang='grc' dir='ltr'>θέαινα</span> <span class='ocrx_word' id='word_1_86' title='bbox 651 1362 790 1415; x_wconf 84' lang='grc' dir='ltr'>τέτυκται·</span> 
     </span>
     <span class='ocr_line' id='line_1_14' title="bbox 79 1441 805 1525; baseline 0.01 -30"><span class='ocrx_word' id='word_1_87' title='bbox 79 1441 183 1496; x_wconf 74' lang='grc' dir='ltr'>τούνεκεν</span> <span class='ocrx_word' id='word_1_88' title='bbox 197 1441 264 1498; x_wconf 82' lang='grc' dir='ltr'>οὔτε</span> <span class='ocrx_word' id='word_1_89' title='bbox 281 1447 355 1502; x_wconf 82' lang='grc' dir='ltr'>νεὼν</span> <span class='ocrx_word' id='word_1_90' title='bbox 372 1447 444 1524; x_wconf 77' lang='grc' dir='ltr'>ἱερὸν</span> <span class='ocrx_word' id='word_1_91' title='bbox 458 1446 555 1525; x_wconf 81' lang='grc' dir='ltr'>λάχεν,</span> <span class='ocrx_word' id='word_1_92' title='bbox 576 1448 638 1504; x_wconf 72' lang='lat' dir='ltr'><strong>aaa</strong></span> <span class='ocrx_word' id='word_1_93' title='bbox 650 1467 676 1503; x_wconf 92' lang='grc' dir='ltr'>τι</span> <span class='ocrx_word' id='word_1_94' title='bbox 688 1445 805 1524; x_wconf 77' lang='grc' dir='ltr'>τύμθον,</span> 
     </span>
     <span class='ocr_line' id='line_1_15' title="bbox 51 1527 742 1614; baseline 0.013 -29"><span class='ocrx_word' id='word_1_95' title='bbox 51 1527 129 1585; x_wconf 78' lang='lat' dir='ltr'><strong>llo-iii</strong></span> <span class='ocrx_word' id='word_1_96' title='bbox 139 1533 206 1607; x_wconf 82' lang='grc' dir='ltr'>γέρα</span> <span class='ocrx_word' id='word_1_97' title='bbox 221 1531 351 1603; x_wconf 73' lang='grc' dir='ltr'>θνητοῖς,</span> <span class='ocrx_word' id='word_1_98' title='bbox 369 1535 439 1612; x_wconf 81' lang='grc' dir='ltr'>ἀτὰρ</span> <span class='ocrx_word' id='word_1_99' title='bbox 454 1533 518 1590; x_wconf 87' lang='grc' dir='ltr'>ούδέ</span> <span class='ocrx_word' id='word_1_100' title='bbox 532 1533 630 1592; x_wconf 81' lang='grc' dir='ltr'>θεοῖσιν</span> <span class='ocrx_word' id='word_1_101' title='bbox 646 1536 742 1614; x_wconf 77' lang='grc' dir='ltr'>ὅμοια.</span> 
     </span>
     <span class='ocr_line' id='line_1_16' title="bbox 80 1609 726 1703; baseline 0.012 -17"><span class='ocrx_word' id='word_1_102' title='bbox 80 1621 147 1694; x_wconf 67' lang='grc' dir='ltr'>ιον</span> <span class='ocrx_word' id='word_1_103' title='bbox 162 1623 210 1696; x_wconf 60' lang='grc' dir='ltr'>νιν</span> <span class='ocrx_word' id='word_1_104' title='bbox 226 1623 256 1676; x_wconf 74' lang='lat' dir='ltr'><strong>a</strong></span> <span class='ocrx_word' id='word_1_105' title='bbox 269 1627 335 1700; x_wconf 69' lang='lat' dir='ltr'><strong>aa</strong></span> <span class='ocrx_word' id='word_1_106' title='bbox 351 1623 446 1681; x_wconf 61' lang='grc' dir='ltr'>ἴκελον</span> <span class='ocrx_word' id='word_1_107' title='bbox 462 1623 545 1703; x_wconf 73' lang='grc' dir='ltr'><strong>δην</strong></span> <span class='ocrx_word' id='word_1_108' title='bbox 561 1627 588 1680; x_wconf 79' lang='lat' dir='ltr'><strong>a</strong></span> <span class='ocrx_word' id='word_1_109' title='bbox 602 1609 726 1698; x_wconf 67' lang='grc' dir='ltr'>ίθινης·</span> 
     </span>
     <span class='ocr_line' id='line_1_17' title="bbox 80 1699 777 1800; baseline 0.022 -38"><span class='ocrx_word' id='word_1_110' title='bbox 80 1710 141 1784; x_wconf 69' lang='grc' dir='ltr'><strong>Σνχή</strong></span> <span class='ocrx_word' id='word_1_111' title='bbox 156 1705 185 1770; x_wconf 73' lang='grc' dir='ltr'><strong>δέ</strong></span> <span class='ocrx_word' id='word_1_112' title='bbox 199 1715 349 1789; x_wconf 80' lang='grc' dir='ltr'>σκῆπτρον</span> <span class='ocrx_word' id='word_1_113' title='bbox 364 1699 566 1792; x_wconf 64' lang='grc' dir='ltr'>Ῥαδαμάνθυος</span> <span class='ocrx_word' id='word_1_114' title='bbox 581 1718 777 1800; x_wconf 76' lang='grc' dir='ltr'>ἀμφιπολεύοι.</span> 
     </span>
     <span class='ocr_line' id='line_1_18' title="bbox 79 1795 805 1886; baseline 0.022 -37"><span class='ocrx_word' id='word_1_115' title='bbox 79 1799 148 1851; x_wconf 67' lang='grc' dir='ltr'>Τοῦτο</span> <span class='ocrx_word' id='word_1_116' title='bbox 162 1795 191 1852; x_wconf 79' lang='grc' dir='ltr'><strong>δὲ</strong></span> <span class='ocrx_word' id='word_1_117' title='bbox 207 1801 361 1881; x_wconf 83' lang='grc' dir='ltr'>Φαυστίνη</span> <span class='ocrx_word' id='word_1_118' title='bbox 376 1811 574 1884; x_wconf 78' lang='grc' dir='ltr'>κεχαρισμένον</span> <span class='ocrx_word' id='word_1_119' title='bbox 587 1804 672 1878; x_wconf 72' lang='grc' dir='ltr'>ἧσται</span> <span class='ocrx_word' id='word_1_120' title='bbox 686 1807 805 1886; x_wconf 76' lang='grc' dir='ltr'>ἄγαλμα</span> 
     </span>
     <span class='ocr_line' id='line_1_19' title="bbox 81 1885 773 1976; baseline 0.022 -37"><span class='ocrx_word' id='word_1_121' title='bbox 81 1885 145 1961; x_wconf 67' lang='grc' dir='ltr'>δήμῳ</span> <span class='ocrx_word' id='word_1_122' title='bbox 161 1890 198 1944; x_wconf 82' lang='grc' dir='ltr'>ἔνι</span> <span class='ocrx_word' id='word_1_123' title='bbox 211 1892 357 1968; x_wconf 81' lang='grc' dir='ltr'>Τριόπεω,</span> <span class='ocrx_word' id='word_1_124' title='bbox 375 1894 420 1949; x_wconf 72' lang='grc' dir='ltr'><strong>ἵνα</strong></span> <span class='ocrx_word' id='word_1_125' title='bbox 434 1897 462 1950; x_wconf 83' lang='grc' dir='ltr'>οἱ</span> <span class='ocrx_word' id='word_1_126' title='bbox 478 1899 565 1974; x_wconf 81' lang='grc' dir='ltr'>πάρος</span> <span class='ocrx_word' id='word_1_127' title='bbox 579 1899 668 1975; x_wconf 86' lang='grc' dir='ltr'>εὐρέες</span> <span class='ocrx_word' id='word_1_128' title='bbox 682 1900 773 1976; x_wconf 82' lang='grc' dir='ltr'>ἀγροί,</span> 
     </span>
     <span class='ocr_line' id='line_1_20' title="bbox 52 1980 742 2065; baseline 0.02 -35"><span class='ocrx_word' id='word_1_129' title='bbox 52 1980 114 2030; x_wconf 66' lang='lat' dir='ltr'><strong>itari</strong></span> <span class='ocrx_word' id='word_1_130' title='bbox 124 1980 202 2055; x_wconf 82' lang='grc' dir='ltr'>χορὸς</span> <span class='ocrx_word' id='word_1_131' title='bbox 215 1980 369 2060; x_wconf 76' lang='grc' dir='ltr'>ἡμερίδων</span> <span class='ocrx_word' id='word_1_132' title='bbox 383 1985 432 2039; x_wconf 83' lang='grc' dir='ltr'>καὶ</span> <span class='ocrx_word' id='word_1_133' title='bbox 446 1983 602 2056; x_wconf 78' lang='grc' dir='ltr'>έλαιηεντες</span> <span class='ocrx_word' id='word_1_134' title='bbox 615 1987 742 2065; x_wconf 72' lang='grc' dir='ltr'>ἄρουραι.</span> 
     </span>
     <span class='ocr_line' id='line_1_21' title="bbox 81 2068 699 2151; baseline 0.019 -33"><span class='ocrx_word' id='word_1_135' title='bbox 81 2068 110 2118; x_wconf 81' lang='lat' dir='ltr'><strong>tti</strong></span> <span class='ocrx_word' id='word_1_136' title='bbox 124 2071 167 2141; x_wconf 78' lang='grc' dir='ltr'><strong>μὲν</strong></span> <span class='ocrx_word' id='word_1_137' title='bbox 182 2071 337 2146; x_wconf 76' lang='grc' dir='ltr'>ἀτιμήσειε</span> <span class='ocrx_word' id='word_1_138' title='bbox 353 2071 402 2142; x_wconf 87' lang='grc' dir='ltr'><strong>θεὴ</strong></span> <span class='ocrx_word' id='word_1_139' title='bbox 422 2071 550 2148; x_wconf 82' lang='grc' dir='ltr'>βασίλεια</span> <span class='ocrx_word' id='word_1_140' title='bbox 562 2079 699 2151; x_wconf 86' lang='grc' dir='ltr'>γυναικῶν</span> 
     </span>
     <span class='ocr_line' id='line_1_22' title="bbox 82 2155 781 2243; baseline 0.024 -36"><span class='ocrx_word' id='word_1_141' title='bbox 82 2155 218 2230; x_wconf 60' lang='lat' dir='ltr'><strong>ipe-lacios</strong></span> <span class='ocrx_word' id='word_1_142' title='bbox 232 2163 350 2238; x_wconf 81' lang='grc' dir='ltr'>γεράων</span> <span class='ocrx_word' id='word_1_143' title='bbox 366 2162 463 2238; x_wconf 77' lang='grc' dir='ltr'>έμεναι</span> <span class='ocrx_word' id='word_1_144' title='bbox 477 2164 524 2217; x_wconf 82' lang='grc' dir='ltr'>καὶ</span> <span class='ocrx_word' id='word_1_145' title='bbox 536 2164 644 2220; x_wconf 78' lang='grc' dir='ltr'>ὀπάονα</span> <span class='ocrx_word' id='word_1_146' title='bbox 658 2169 781 2243; x_wconf 89' lang='grc' dir='ltr'>νύμφην.</span> 
     </span>
     <span class='ocr_line' id='line_1_23' title="bbox 82 2231 673 2332; baseline 0.019 -35"><span class='ocrx_word' id='word_1_147' title='bbox 82 2241 139 2298; x_wconf 71' lang='lat' dir='ltr'><strong>«nit</strong></span> <span class='ocrx_word' id='word_1_148' title='bbox 150 2249 200 2324; x_wconf 81' lang='grc' dir='ltr'>γὰρ</span> <span class='ocrx_word' id='word_1_149' title='bbox 216 2231 375 2326; x_wconf 85' lang='grc' dir='ltr'>Ῐφιγένειαν</span> <span class='ocrx_word' id='word_1_150' title='bbox 393 2248 518 2330; x_wconf 74' lang='grc' dir='ltr'>ἐύθρονος</span> <span class='ocrx_word' id='word_1_151' title='bbox 533 2235 673 2332; x_wconf 81' lang='grc' dir='ltr'>Ῐοχίαιρα,</span> 
     </span>
     <span class='ocr_line' id='line_1_24' title="bbox 82 2320 705 2482; baseline 0.018 -96"><span class='ocrx_word' id='word_1_152' title='bbox 82 2330 128 2386; x_wconf 73' lang='lat' dir='ltr'><strong>ati·</strong></span> <span class='ocrx_word' id='word_1_153' title='bbox 141 2320 227 2412; x_wconf 61' lang='grc' dir='ltr'>ἔρσην</span> <span class='ocrx_word' id='word_1_154' title='bbox 242 2341 581 2482; x_wconf 42' lang='grc' dir='ltr'>γοργῶπῄλάπητίμηστν</span> <span class='ocrx_word' id='word_1_155' title='bbox 593 2324 705 2414; x_wconf 76' lang='grc' dir='ltr'>Ᾰθηνη·</span> 
     </span>
     <span class='ocr_line' id='line_1_25' title="bbox 54 2419 660 2504; baseline 0.02 -29"><span class='ocrx_word' id='word_1_156' title='bbox 54 2419 73 2464; x_wconf 71' lang='lat'><strong>55</strong></span> <span class='ocrx_word' id='word_1_157' title='bbox 83 2419 132 2478; x_wconf 76' lang='grc' dir='ltr'>οὐδὲ</span> <span class='ocrx_word' id='word_1_158' title='bbox 147 2446 188 2499; x_wconf 88' lang='grc' dir='ltr'><strong>μιν</strong></span> <span class='ocrx_word' id='word_1_159' title='bbox 202 2428 341 2504; x_wconf 67' lang='grc' dir='ltr'><strong>ήριξινησιΙ</strong></span> <span class='ocrx_word' id='word_1_160' title='bbox 350 2447 390 2482; x_wconf 88' lang='grc' dir='ltr'>πα</span> <span class='ocrx_word' id='word_1_161' title='bbox 411 2432 504 2503; x_wconf 77' lang='grc' dir='ltr'>αιῇσιν</span> <span class='ocrx_word' id='word_1_162' title='bbox 522 2425 660 2504; x_wconf 84' lang='grc' dir='ltr'>μεδέουσα</span> 
     </span>
     <span class='ocr_line' id='line_1_26' title="bbox 82 2511 750 2598; baseline 0.013 -31"><span class='ocrx_word' id='word_1_163' title='bbox 82 2511 203 2589; x_wconf 79' lang='grc' dir='ltr'>Καίσαρος</span> <span class='ocrx_word' id='word_1_164' title='bbox 216 2514 348 2592; x_wconf 76' lang='grc' dir='ltr'>ἰφθίμοιο</span> <span class='ocrx_word' id='word_1_165' title='bbox 363 2516 521 2595; x_wconf 69' lang='grc' dir='ltr'>παρόψεται</span> <span class='ocrx_word' id='word_1_166' title='bbox 535 2518 640 2594; x_wconf 83' lang='grc' dir='ltr'>δμτινια</span> <span class='ocrx_word' id='word_1_167' title='bbox 657 2523 750 2598; x_wconf 82' lang='grc' dir='ltr'>μητηρ</span> 
     </span>
     <span class='ocr_line' id='line_1_27' title="bbox 84 2601 708 2684; baseline 0.016 -32"><span class='ocrx_word' id='word_1_168' title='bbox 84 2601 103 2662; x_wconf 79' lang='grc' dir='ltr'><strong>ἐς</strong></span> <span class='ocrx_word' id='word_1_169' title='bbox 112 2605 186 2680; x_wconf 79' lang='grc' dir='ltr'>χορὸν</span> <span class='ocrx_word' id='word_1_170' title='bbox 202 2605 366 2681; x_wconf 76' lang='grc' dir='ltr'>ἐρχομένην</span> <span class='ocrx_word' id='word_1_171' title='bbox 380 2607 538 2684; x_wconf 72' lang='grc' dir='ltr'>προτερέων</span> <span class='ocrx_word' id='word_1_172' title='bbox 552 2605 708 2684; x_wconf 74' lang='grc' dir='ltr'><strong>Ιἡμιθιάων,</strong></span> 
     </span>
     <span class='ocr_line' id='line_1_28' title="bbox 82 2677 722 2772; baseline 0.014 -30"><span class='ocrx_word' id='word_1_173' title='bbox 82 2689 97 2755; x_wconf 77' lang='grc' dir='ltr'><strong>ἢ</strong></span> <span class='ocrx_word' id='word_1_174' title='bbox 109 2688 182 2766; x_wconf 75' lang='grc' dir='ltr'>λάχεν</span> <span class='ocrx_word' id='word_1_175' title='bbox 196 2677 341 2769; x_wconf 77' lang='grc' dir='ltr'>θλυσίησι</span> <span class='ocrx_word' id='word_1_176' title='bbox 354 2695 569 2772; x_wconf 85' lang='grc' dir='ltr'>χοροστασίησιν</span> <span class='ocrx_word' id='word_1_177' title='bbox 585 2698 722 2767; x_wconf 78' lang='grc' dir='ltr'>ἀνάσσειν,</span> 
     </span>
     <span class='ocr_line' id='line_1_29' title="bbox 84 2766 788 2864; baseline 0.018 -34"><span class='ocrx_word' id='word_1_178' title='bbox 84 2778 139 2848; x_wconf 68' lang='lat' dir='ltr'><strong>aiat</strong></span> <span class='ocrx_word' id='word_1_179' title='bbox 151 2777 183 2845; x_wconf 85' lang='grc' dir='ltr'>τ’,</span> <span class='ocrx_word' id='word_1_180' title='bbox 198 2766 344 2860; x_wconf 77' lang='grc' dir='ltr'>Ᾰλκμηνη</span> <span class='ocrx_word' id='word_1_181' title='bbox 360 2803 400 2856; x_wconf 84' lang='grc' dir='ltr'><strong>τε,</strong></span> <span class='ocrx_word' id='word_1_182' title='bbox 422 2785 544 2862; x_wconf 77' lang='grc' dir='ltr'>μάκαιρα</span> <span class='ocrx_word' id='word_1_183' title='bbox 559 2804 588 2840; x_wconf 90' lang='grc' dir='ltr'>τι</span> <span class='ocrx_word' id='word_1_184' title='bbox 606 2783 788 2864; x_wconf 85' lang='grc' dir='ltr'>Καδμιιώνη.</span> 
     </span>
    </p>
   </div>
   <div class='ocr_carea' id='block_1_6' title="bbox 297 3779 615 3842">
    <p class='ocr_par' dir='ltr' id='par_1_6' title="bbox 297 3779 615 3842">
     <span class='ocr_line' id='line_1_30' title="bbox 297 3779 615 3842; baseline 0.016 -6"><span class='ocrx_word' id='word_1_185' title='bbox 297 3779 367 3837; x_wconf 76' lang='lat'>265.</span> <span class='ocrx_word' id='word_1_186' title='bbox 391 3779 615 3842; x_wconf 77' lang='grc' dir='ltr'>ΑΔΕΣΠΟΤΟΝ.</span> 
     </span>
    </p>
   </div>
   <div class='ocr_carea' id='block_1_7' title="bbox 89 3887 750 4066">
    <p class='ocr_par' dir='ltr' id='par_1_7' title="bbox 89 3887 750 4066">
     <span class='ocr_line' id='line_1_31' title="bbox 89 3887 750 3978; baseline 0.02 -36"><span class='ocrx_word' id='word_1_187' title='bbox 89 3887 163 3947; x_wconf 72' lang='lat' dir='ltr'><strong>[latia</strong></span> <span class='ocrx_word' id='word_1_188' title='bbox 175 3891 331 3972; x_wconf 84' lang='grc' dir='ltr'>Ξειναγύρα</span> <span class='ocrx_word' id='word_1_189' title='bbox 346 3897 394 3950; x_wconf 88' lang='grc' dir='ltr'>καὶ</span> <span class='ocrx_word' id='word_1_190' title='bbox 408 3891 588 3975; x_wconf 77' lang='grc' dir='ltr'>Πραξαγόρας</span> <span class='ocrx_word' id='word_1_191' title='bbox 604 3899 701 3978; x_wconf 78' lang='grc' dir='ltr'>έσορᾷς</span> <span class='ocrx_word' id='word_1_192' title='bbox 717 3921 750 3978; x_wconf 83' lang='grc' dir='ltr'><strong>με</strong></span> 
     </span>
     <span class='ocr_line' id='line_1_32' title="bbox 120 3980 683 4066; baseline 0.018 -34"><span class='ocrx_word' id='word_1_193' title='bbox 120 3980 157 4035; x_wconf 78' lang='grc' dir='ltr'><strong>τὸν</strong></span> <span class='ocrx_word' id='word_1_194' title='bbox 171 3986 275 4060; x_wconf 83' lang='grc' dir='ltr'>μύστην</span> <span class='ocrx_word' id='word_1_195' title='bbox 290 3985 381 4055; x_wconf 85' lang='grc' dir='ltr'>Δηοῦς</span> <span class='ocrx_word' id='word_1_196' title='bbox 396 3983 566 4064; x_wconf 89' lang='grc' dir='ltr'>Ξειναγύραν</span> <span class='ocrx_word' id='word_1_197' title='bbox 582 3987 683 4066; x_wconf 85' lang='grc' dir='ltr'>ὄνομα.</span> 
     </span>
    </p>
   </div>
   <div class='ocr_carea' id='block_1_8' title="bbox 92 4108 753 4315">
    <p class='ocr_par' dir='ltr' id='par_1_8' title="bbox 92 4108 753 4315">
     <span class='ocr_line' id='line_1_33' title="bbox 380 4108 563 4170; baseline 0.027 -5"><span class='ocrx_word' id='word_1_198' title='bbox 380 4108 449 4167; x_wconf 72' lang='grc' dir='ltr'>ύ66.</span> <span class='ocrx_word' id='word_1_199' title='bbox 466 4123 563 4170; x_wconf 76' lang='lat' dir='ltr'><strong>aaut).</strong></span> 
     </span>
     <span class='ocr_line' id='line_1_34' title="bbox 92 4221 753 4315; baseline 0.027 -39"><span class='ocrx_word' id='word_1_200' title='bbox 92 4221 183 4280; x_wconf 75' lang='grc' dir='ltr'>θνατῶν</span> <span class='ocrx_word' id='word_1_201' title='bbox 196 4231 331 4309; x_wconf 80' lang='grc' dir='ltr'>ήγητῆρα</span> <span class='ocrx_word' id='word_1_202' title='bbox 345 4227 523 4306; x_wconf 76' lang='grc' dir='ltr'>Πολύζηλον,</span> <span class='ocrx_word' id='word_1_203' title='bbox 537 4237 640 4315; x_wconf 84' lang='grc' dir='ltr'>πατρὸς</span> <span class='ocrx_word' id='word_1_204' title='bbox 655 4235 753 4294; x_wconf 78' lang='grc' dir='ltr'>ἐσθλοῦ</span> 
     </span>
    </p>
   </div>
   <div class='ocr_carea' id='block_1_9' title="bbox 898 819 1709 3742">
    <p class='ocr_par' dir='ltr' id='par_1_9' title="bbox 898 819 1709 3742">
     <span class='ocr_line' id='line_1_35' title="bbox 1512 819 1673 890; baseline 0.043 -16"><span class='ocrx_word' id='word_1_205' title='bbox 1512 819 1573 890; x_wconf 89' lang='lat' dir='ltr'><strong>[des</strong></span> <span class='ocrx_word' id='word_1_206' title='bbox 1588 831 1673 880; x_wconf 87' lang='lat' dir='ltr'><strong>sunt:</strong></span> 
     </span>
     <span class='ocr_line' id='line_1_36' title="bbox 904 905 1675 989; baseline 0 -25"><span class='ocrx_word' id='word_1_207' title='bbox 904 907 1015 964; x_wconf 77' lang='lat' dir='ltr'><strong>Graecia</strong></span> <span class='ocrx_word' id='word_1_208' title='bbox 1036 915 1129 964; x_wconf 88' lang='lat' dir='ltr'><strong>autem</strong></span> <span class='ocrx_word' id='word_1_209' title='bbox 1150 923 1239 978; x_wconf 86' lang='lat' dir='ltr'><strong>neque</strong></span> <span class='ocrx_word' id='word_1_210' title='bbox 1264 923 1365 978; x_wconf 81' lang='lat' dir='ltr'><strong>genere</strong></span> <span class='ocrx_word' id='word_1_211' title='bbox 1391 905 1560 978; x_wconf 82' lang='lat' dir='ltr'><strong>magis-rex,</strong></span> <span class='ocrx_word' id='word_1_212' title='bbox 1587 931 1675 989; x_wconf 69' lang='lat' dir='ltr'><strong>neque</strong></span> 
     </span>
     <span class='ocr_line' id='line_1_37' title="bbox 1152 1000 1675 1076; baseline 0.011 -22"><span class='ocrx_word' id='word_1_213' title='bbox 1152 1001 1155 1008; x_wconf 71' lang='lat'>‘</span> <span class='ocrx_word' id='word_1_214' title='bbox 1556 1000 1675 1076; x_wconf 83' lang='lat' dir='ltr'><strong>[eloquio</strong></span> 
     </span>
     <span class='ocr_line' id='line_1_38' title="bbox 902 1084 1674 1158; baseline 0.01 -18"><span class='ocrx_word' id='word_1_215' title='bbox 902 1101 984 1158; x_wconf 88' lang='lat' dir='ltr'><strong>quam</strong></span> <span class='ocrx_word' id='word_1_216' title='bbox 998 1084 1138 1141; x_wconf 89' lang='lat' dir='ltr'><strong>Herodes:</strong></span> <span class='ocrx_word' id='word_1_217' title='bbox 1148 1085 1271 1158; x_wconf 85' lang='lat' dir='ltr'><strong>linguam</strong></span> <span class='ocrx_word' id='word_1_218' title='bbox 1282 1085 1392 1158; x_wconf 91' lang='lat' dir='ltr'><strong>quidem</strong></span> <span class='ocrx_word' id='word_1_219' title='bbox 1406 1103 1467 1141; x_wconf 91' lang='lat' dir='ltr'><strong>eum</strong></span> <span class='ocrx_word' id='word_1_220' title='bbox 1483 1093 1583 1145; x_wconf 81' lang='lat' dir='ltr'><strong>vocant</strong></span> <span class='ocrx_word' id='word_1_221' title='bbox 1593 1092 1674 1148; x_wconf 80' lang='lat' dir='ltr'><strong>athe-</strong></span> 
     </span>
     <span class='ocr_line' id='line_1_39' title="bbox 1555 1179 1671 1252; baseline 0.034 -19"><span class='ocrx_word' id='word_1_222' title='bbox 1555 1179 1671 1252; x_wconf 87' lang='lat' dir='ltr'><strong>[narum.</strong></span> 
     </span>
     <span class='ocr_line' id='line_1_40' title="bbox 903 1262 1673 1338; baseline 0.013 -20"><span class='ocrx_word' id='word_1_223' title='bbox 903 1263 965 1320; x_wconf 81' lang='lat' dir='ltr'><strong>Hee</strong></span> <span class='ocrx_word' id='word_1_224' title='bbox 977 1269 1069 1319; x_wconf 84' lang='lat' dir='ltr'><strong>autem</strong></span> <span class='ocrx_word' id='word_1_225' title='bbox 1081 1271 1108 1320; x_wconf 90' lang='lat' dir='ltr'><strong>et</strong></span> <span class='ocrx_word' id='word_1_226' title='bbox 1122 1263 1184 1336; x_wconf 90' lang='lat' dir='ltr'><strong>ipsa</strong></span> <span class='ocrx_word' id='word_1_227' title='bbox 1197 1262 1308 1336; x_wconf 90' lang='lat' dir='ltr'><strong>quidem</strong></span> <span class='ocrx_word' id='word_1_228' title='bbox 1323 1262 1673 1338; x_wconf 78' lang='lat' dir='ltr'><strong>pulcros-pedeshabens</strong></span> 
     </span>
     <span class='ocr_line' id='line_1_41' title="bbox 902 1350 1673 1427; baseline 0.012 -21"><span class='ocrx_word' id='word_1_229' title='bbox 902 1360 929 1408; x_wconf 89' lang='lat' dir='ltr'><strong>et</strong></span> <span class='ocrx_word' id='word_1_230' title='bbox 939 1351 1116 1425; x_wconf 83' lang='lat' dir='ltr'><strong>Ganymedea</strong></span> <span class='ocrx_word' id='word_1_231' title='bbox 1126 1359 1153 1407; x_wconf 87' lang='lat' dir='ltr'><strong>et</strong></span> <span class='ocrx_word' id='word_1_232' title='bbox 1162 1350 1330 1406; x_wconf 87' lang='lat' dir='ltr'><strong>Dardanium</strong></span> <span class='ocrx_word' id='word_1_233' title='bbox 1338 1368 1427 1424; x_wconf 75' lang='lat' dir='ltr'><strong>genus</strong></span> <span class='ocrx_word' id='word_1_234' title='bbox 1435 1361 1495 1410; x_wconf 88' lang='lat' dir='ltr'><strong>erat</strong></span> <span class='ocrx_word' id='word_1_235' title='bbox 1541 1355 1673 1427; x_wconf 81' lang='lat' dir='ltr'><strong>[AEneone</strong></span> 
     </span>
     <span class='ocr_line' id='line_1_42' title="bbox 900 1438 1673 1514; baseline 0.008 -16"><span class='ocrx_word' id='word_1_236' title='bbox 900 1441 980 1498; x_wconf 87' lang='lat' dir='ltr'><strong>Trois</strong></span> <span class='ocrx_word' id='word_1_237' title='bbox 991 1439 1205 1497; x_wconf 82' lang='lat' dir='ltr'><strong>Erichthonidoe.</strong></span> <span class='ocrx_word' id='word_1_238' title='bbox 1221 1439 1263 1496; x_wconf 86' lang='lat' dir='ltr'><strong>Tu</strong></span> <span class='ocrx_word' id='word_1_239' title='bbox 1277 1445 1378 1508; x_wconf 88' lang='lat' dir='ltr'><strong>autem,</strong></span> <span class='ocrx_word' id='word_1_240' title='bbox 1393 1438 1417 1495; x_wconf 92' lang='lat' dir='ltr'><strong>si</strong></span> <span class='ocrx_word' id='word_1_241' title='bbox 1435 1439 1551 1500; x_wconf 89' lang='lat' dir='ltr'><strong>amicum</strong></span> <span class='ocrx_word' id='word_1_242' title='bbox 1569 1453 1621 1514; x_wconf 87' lang='lat' dir='ltr'><strong>est,</strong></span> <span class='ocrx_word' id='word_1_243' title='bbox 1632 1465 1673 1504; x_wconf 90' lang='lat' dir='ltr'><strong>sa·</strong></span> 
     </span>
     <span class='ocr_line' id='line_1_43' title="bbox 1504 1533 1669 1606; baseline 0.024 -19"><span class='ocrx_word' id='word_1_244' title='bbox 1504 1533 1562 1605; x_wconf 88' lang='lat' dir='ltr'><strong>[cra</strong></span> <span class='ocrx_word' id='word_1_245' title='bbox 1577 1534 1669 1606; x_wconf 82' lang='lat' dir='ltr'><strong>facito,</strong></span> 
     </span>
     <span class='ocr_line' id='line_1_44' title="bbox 900 1618 1671 1692; baseline 0.004 -15"><span class='ocrx_word' id='word_1_246' title='bbox 900 1629 928 1677; x_wconf 91' lang='lat' dir='ltr'><strong>et</strong></span> <span class='ocrx_word' id='word_1_247' title='bbox 940 1619 1168 1678; x_wconf 75' lang='lat' dir='ltr'><strong>hostiameaedito</strong></span> <span class='ocrx_word' id='word_1_248' title='bbox 1182 1618 1345 1692; x_wconf 86' lang='lat' dir='ltr'><strong>(hostiarum</strong></span> <span class='ocrx_word' id='word_1_249' title='bbox 1361 1619 1437 1692; x_wconf 91' lang='lat' dir='ltr'><strong>atqui</strong></span> <span class='ocrx_word' id='word_1_250' title='bbox 1455 1635 1509 1676; x_wconf 91' lang='lat' dir='ltr'><strong>non</strong></span> <span class='ocrx_word' id='word_1_251' title='bbox 1522 1619 1609 1678; x_wconf 87' lang='lat' dir='ltr'><strong>invito</strong></span> <span class='ocrx_word' id='word_1_252' title='bbox 1623 1641 1671 1680; x_wconf 93' lang='lat' dir='ltr'><strong>ne-</strong></span> 
     </span>
     <span class='ocr_line' id='line_1_45' title="bbox 900 1711 1668 1787; baseline 0.004 -19"><span class='ocrx_word' id='word_1_253' title='bbox 900 1712 979 1770; x_wconf 88' lang='lat' dir='ltr'><strong>decet</strong></span> <span class='ocrx_word' id='word_1_254' title='bbox 995 1731 1061 1770; x_wconf 90' lang='lat' dir='ltr'><strong>sane</strong></span> <span class='ocrx_word' id='word_1_255' title='bbox 1080 1712 1141 1786; x_wconf 93' lang='lat' dir='ltr'><strong>pios</strong></span> <span class='ocrx_word' id='word_1_256' title='bbox 1156 1717 1184 1767; x_wconf 91' lang='lat' dir='ltr'><strong>et</strong></span> <span class='ocrx_word' id='word_1_257' title='bbox 1195 1711 1295 1766; x_wconf 84' lang='lat' dir='ltr'><strong>heroas</strong></span> <span class='ocrx_word' id='word_1_258' title='bbox 1308 1726 1413 1765; x_wconf 89' lang='lat' dir='ltr'><strong>curare.</strong></span> <span class='ocrx_word' id='word_1_259' title='bbox 1509 1715 1668 1787; x_wconf 74' lang='lat' dir='ltr'><strong>[cessitastz</strong></span> 
     </span>
     <span class='ocr_line' id='line_1_46' title="bbox 900 1798 1589 1872; baseline 0.004 -16"><span class='ocrx_word' id='word_1_260' title='bbox 900 1801 961 1857; x_wconf 92' lang='lat' dir='ltr'><strong>Non</strong></span> <span class='ocrx_word' id='word_1_261' title='bbox 976 1801 1048 1858; x_wconf 89' lang='lat' dir='ltr'><strong>enim</strong></span> <span class='ocrx_word' id='word_1_262' title='bbox 1062 1801 1195 1869; x_wconf 83' lang='lat' dir='ltr'><strong>mortalis,</strong></span> <span class='ocrx_word' id='word_1_263' title='bbox 1211 1807 1240 1857; x_wconf 90' lang='lat' dir='ltr'><strong>at</strong></span> <span class='ocrx_word' id='word_1_264' title='bbox 1254 1815 1343 1872; x_wconf 90' lang='lat' dir='ltr'><strong>neque</strong></span> <span class='ocrx_word' id='word_1_265' title='bbox 1355 1798 1420 1854; x_wconf 89' lang='lat' dir='ltr'><strong>diva</strong></span> <span class='ocrx_word' id='word_1_266' title='bbox 1437 1799 1511 1856; x_wconf 87' lang='lat' dir='ltr'><strong>lacta</strong></span> <span class='ocrx_word' id='word_1_267' title='bbox 1526 1809 1589 1858; x_wconf 90' lang='lat' dir='ltr'><strong>est:</strong></span> 
     </span>
     <span class='ocr_line' id='line_1_47' title="bbox 900 1887 1674 1966; baseline 0.004 -21"><span class='ocrx_word' id='word_1_268' title='bbox 900 1889 1028 1963; x_wconf 85' lang='lat' dir='ltr'><strong>quocirca</strong></span> <span class='ocrx_word' id='word_1_269' title='bbox 1035 1907 1124 1964; x_wconf 88' lang='lat' dir='ltr'><strong>neque</strong></span> <span class='ocrx_word' id='word_1_270' title='bbox 1132 1887 1264 1962; x_wconf 91' lang='lat' dir='ltr'><strong>templum</strong></span> <span class='ocrx_word' id='word_1_271' title='bbox 1276 1903 1385 1944; x_wconf 87' lang='lat' dir='ltr'><strong>sacrum</strong></span> <span class='ocrx_word' id='word_1_272' title='bbox 1405 1889 1572 1960; x_wconf 85' lang='lat' dir='ltr'><strong>sortita-est,</strong></span> <span class='ocrx_word' id='word_1_273' title='bbox 1583 1909 1674 1966; x_wconf 88' lang='lat' dir='ltr'><strong>neque</strong></span> 
     </span>
     <span class='ocr_line' id='line_1_48' title="bbox 1516 1981 1670 2053; baseline -0.013 -15"><span class='ocrx_word' id='word_1_274' title='bbox 1516 1981 1670 2053; x_wconf 74' lang='lat' dir='ltr'><strong>[tumulum</strong></span> 
     </span>
     <span class='ocr_line' id='line_1_49' title="bbox 898 2068 1670 2152; baseline 0.001 -28"><span class='ocrx_word' id='word_1_275' title='bbox 898 2085 987 2142; x_wconf 91' lang='lat' dir='ltr'><strong>neque</strong></span> <span class='ocrx_word' id='word_1_276' title='bbox 1000 2069 1112 2144; x_wconf 79' lang='lat' dir='ltr'><strong>praemia</strong></span> <span class='ocrx_word' id='word_1_277' title='bbox 1122 2068 1293 2138; x_wconf 80' lang='lat' dir='ltr'>mortalibus,</span> <span class='ocrx_word' id='word_1_278' title='bbox 1307 2069 1356 2126; x_wconf 91' lang='lat' dir='ltr'><strong>aed</strong></span> <span class='ocrx_word' id='word_1_279' title='bbox 1371 2087 1460 2144; x_wconf 90' lang='lat' dir='ltr'><strong>neque</strong></span> <span class='ocrx_word' id='word_1_280' title='bbox 1474 2069 1527 2152; x_wconf 80' lang='lat' dir='ltr'><strong>diis</strong></span> <span class='ocrx_word' id='word_1_281' title='bbox 1538 2087 1670 2144; x_wconf 80' lang='lat' dir='ltr'><strong>congrua.</strong></span> 
     </span>
     <span class='ocr_line' id='line_1_50' title="bbox 899 2156 1673 2233; baseline 0.003 -20"><span class='ocrx_word' id='word_1_282' title='bbox 899 2157 1106 2214; x_wconf 82' lang='lat' dir='ltr'><strong>Monumentum</strong></span> <span class='ocrx_word' id='word_1_283' title='bbox 1123 2156 1234 2231; x_wconf 90' lang='lat' dir='ltr'><strong>quidem</strong></span> <span class='ocrx_word' id='word_1_284' title='bbox 1250 2157 1276 2213; x_wconf 90' lang='lat' dir='ltr'><strong>ei</strong></span> <span class='ocrx_word' id='word_1_285' title='bbox 1295 2163 1335 2215; x_wconf 82' lang='lat' dir='ltr'><strong>eat</strong></span> <span class='ocrx_word' id='word_1_286' title='bbox 1353 2158 1456 2232; x_wconf 92' lang='lat' dir='ltr'><strong>templo</strong></span> <span class='ocrx_word' id='word_1_287' title='bbox 1477 2158 1565 2215; x_wconf 89' lang='lat' dir='ltr'><strong>simile</strong></span> <span class='ocrx_word' id='word_1_288' title='bbox 1579 2159 1608 2215; x_wconf 92' lang='lat' dir='ltr'><strong>in</strong></span> <span class='ocrx_word' id='word_1_289' title='bbox 1625 2176 1673 2233; x_wconf 94' lang='lat' dir='ltr'><strong>po·</strong></span> 
     </span>
     <span class='ocr_line' id='line_1_51' title="bbox 1396 2246 1670 2320; baseline 0.011 -18"><span class='ocrx_word' id='word_1_290' title='bbox 1396 2246 1471 2320; x_wconf 93' lang='lat' dir='ltr'><strong>[pulo</strong></span> <span class='ocrx_word' id='word_1_291' title='bbox 1485 2247 1670 2306; x_wconf 77' lang='lat' dir='ltr'><strong>Athenarum:</strong></span> 
     </span>
     <span class='ocr_line' id='line_1_52' title="bbox 899 2335 1670 2412; baseline 0.004 -22"><span class='ocrx_word' id='word_1_292' title='bbox 899 2336 949 2391; x_wconf 91' lang='lat' dir='ltr'><strong>sed</strong></span> <span class='ocrx_word' id='word_1_293' title='bbox 962 2337 1054 2392; x_wconf 90' lang='lat' dir='ltr'><strong>anima</strong></span> <span class='ocrx_word' id='word_1_294' title='bbox 1067 2337 1141 2393; x_wconf 89' lang='lat' dir='ltr'><strong>eirea</strong></span> <span class='ocrx_word' id='word_1_295' title='bbox 1155 2343 1294 2412; x_wconf 76' lang='lat' dir='ltr'><strong>sceptrum</strong></span> <span class='ocrx_word' id='word_1_296' title='bbox 1311 2335 1520 2394; x_wconf 76' lang='lat' dir='ltr'><strong>Rhadamanthi</strong></span> <span class='ocrx_word' id='word_1_297' title='bbox 1534 2345 1670 2394; x_wconf 89' lang='lat' dir='ltr'><strong>versatur.</strong></span> 
     </span>
     <span class='ocr_line' id='line_1_53' title="bbox 899 2423 1620 2484; baseline 0.004 -4"><span class='ocrx_word' id='word_1_298' title='bbox 899 2423 955 2480; x_wconf 87' lang='lat' dir='ltr'><strong>Sed</strong></span> <span class='ocrx_word' id='word_1_299' title='bbox 967 2425 1020 2481; x_wconf 89' lang='lat' dir='ltr'><strong>hoc</strong></span> <span class='ocrx_word' id='word_1_300' title='bbox 1031 2425 1167 2483; x_wconf 77' lang='lat' dir='ltr'><strong>Faustina</strong></span> <span class='ocrx_word' id='word_1_301' title='bbox 1180 2425 1309 2483; x_wconf 89' lang='lat' dir='ltr'><strong>dilectum</strong></span> <span class='ocrx_word' id='word_1_302' title='bbox 1324 2425 1429 2482; x_wconf 80' lang='lat' dir='ltr'><strong>assidet</strong></span> <span class='ocrx_word' id='word_1_303' title='bbox 1445 2425 1620 2484; x_wconf 77' lang='lat' dir='ltr'><strong>simulacrum</strong></span> 
     </span>
     <span class='ocr_line' id='line_1_54' title="bbox 900 2512 1657 2590; baseline 0.004 -22"><span class='ocrx_word' id='word_1_304' title='bbox 900 2529 973 2586; x_wconf 80' lang='lat' dir='ltr'><strong>pago</strong></span> <span class='ocrx_word' id='word_1_305' title='bbox 987 2512 1015 2568; x_wconf 93' lang='lat' dir='ltr'><strong>in</strong></span> <span class='ocrx_word' id='word_1_306' title='bbox 1030 2513 1151 2587; x_wconf 89' lang='lat' dir='ltr'><strong>Triopio,</strong></span> <span class='ocrx_word' id='word_1_307' title='bbox 1168 2513 1214 2570; x_wconf 91' lang='lat' dir='ltr'><strong>uhi</strong></span> <span class='ocrx_word' id='word_1_308' title='bbox 1229 2514 1254 2570; x_wconf 92' lang='lat' dir='ltr'><strong>ei</strong></span> <span class='ocrx_word' id='word_1_309' title='bbox 1269 2513 1347 2588; x_wconf 89' lang='lat' dir='ltr'><strong>prius</strong></span> <span class='ocrx_word' id='word_1_310' title='bbox 1362 2522 1442 2572; x_wconf 77' lang='lat' dir='ltr'><strong>erant</strong></span> <span class='ocrx_word' id='word_1_311' title='bbox 1458 2515 1505 2573; x_wconf 87' lang='lat' dir='ltr'><strong>lati</strong></span> <span class='ocrx_word' id='word_1_312' title='bbox 1521 2515 1592 2590; x_wconf 78' lang='lat' dir='ltr'><strong>egri,</strong></span> <span class='ocrx_word' id='word_1_313' title='bbox 1654 2531 1657 2538; x_wconf 87' lang='grc'><strong>’</strong></span> 
     </span>
     <span class='ocr_line' id='line_1_55' title="bbox 901 2601 1629 2660; baseline 0.005 -4"><span class='ocrx_word' id='word_1_314' title='bbox 901 2607 929 2656; x_wconf 90' lang='lat' dir='ltr'><strong>et</strong></span> <span class='ocrx_word' id='word_1_315' title='bbox 943 2601 1044 2658; x_wconf 83' lang='lat' dir='ltr'><strong>chorus</strong></span> <span class='ocrx_word' id='word_1_316' title='bbox 1055 2601 1297 2658; x_wconf 87' lang='lat' dir='ltr'><strong>cultarum-vitium</strong></span> <span class='ocrx_word' id='word_1_317' title='bbox 1309 2608 1338 2658; x_wconf 88' lang='lat' dir='ltr'><strong>et</strong></span> <span class='ocrx_word' id='word_1_318' title='bbox 1350 2602 1541 2659; x_wconf 89' lang='lat' dir='ltr'><strong>oleis-consita</strong></span> <span class='ocrx_word' id='word_1_319' title='bbox 1555 2621 1629 2660; x_wconf 87' lang='lat' dir='ltr'><strong>arva.</strong></span> 
     </span>
     <span class='ocr_line' id='line_1_56' title="bbox 901 2689 1709 2770; baseline 0.005 -26"><span class='ocrx_word' id='word_1_320' title='bbox 901 2689 963 2745; x_wconf 93' lang='lat' dir='ltr'><strong>Non</strong></span> <span class='ocrx_word' id='word_1_321' title='bbox 980 2689 1089 2762; x_wconf 88' lang='lat' dir='ltr'><strong>quidem</strong></span> <span class='ocrx_word' id='word_1_322' title='bbox 1109 2707 1169 2746; x_wconf 86' lang='lat' dir='ltr'><strong>eam</strong></span> <span class='ocrx_word' id='word_1_323' title='bbox 1188 2689 1325 2764; x_wconf 78' lang='lat' dir='ltr'><strong>spreverit</strong></span> <span class='ocrx_word' id='word_1_324' title='bbox 1341 2690 1393 2746; x_wconf 90' lang='lat' dir='ltr'><strong>dea</strong></span> <span class='ocrx_word' id='word_1_325' title='bbox 1412 2690 1509 2765; x_wconf 76' lang='lat' dir='ltr'><strong>regina</strong></span> <span class='ocrx_word' id='word_1_326' title='bbox 1530 2691 1670 2748; x_wconf 88' lang='lat' dir='ltr'><strong>mulierum</strong></span> <span class='ocrx_word' id='word_1_327' title='bbox 1706 2761 1709 2770; x_wconf 24' lang='grc' dir='ltr'><strong>Δ</strong></span> 
     </span>
     <span class='ocr_line' id='line_1_57' title="bbox 902 2779 1673 2855; baseline 0.006 -21"><span class='ocrx_word' id='word_1_328' title='bbox 902 2796 962 2852; x_wconf 79' lang='lat' dir='ltr'><strong>que</strong></span> <span class='ocrx_word' id='word_1_329' title='bbox 978 2795 1070 2836; x_wconf 89' lang='lat' dir='ltr'><strong>eomes</strong></span> <span class='ocrx_word' id='word_1_330' title='bbox 1084 2779 1219 2837; x_wconf 87' lang='lat' dir='ltr'><strong>honorum</strong></span> <span class='ocrx_word' id='word_1_331' title='bbox 1235 2796 1346 2836; x_wconf 88' lang='lat' dir='ltr'><strong>suorum</strong></span> <span class='ocrx_word' id='word_1_332' title='bbox 1366 2780 1438 2836; x_wconf 86' lang='lat' dir='ltr'><strong>foret</strong></span> <span class='ocrx_word' id='word_1_333' title='bbox 1456 2787 1484 2836; x_wconf 93' lang='lat' dir='ltr'><strong>et</strong></span> <span class='ocrx_word' id='word_1_334' title='bbox 1506 2780 1673 2855; x_wconf 87' lang='lat' dir='ltr'><strong>pedissequa</strong></span> 
     </span>
     <span class='ocr_line' id='line_1_58' title="bbox 1528 2871 1669 2944; baseline 0 -20"><span class='ocrx_word' id='word_1_335' title='bbox 1528 2871 1669 2944; x_wconf 83' lang='lat' dir='ltr'><strong>[nympha.</strong></span> 
     </span>
     <span class='ocr_line' id='line_1_59' title="bbox 902 2955 1672 3031; baseline 0.005 -19"><span class='ocrx_word' id='word_1_336' title='bbox 902 2956 998 3029; x_wconf 85' lang='lat' dir='ltr'><strong>Neque</strong></span> <span class='ocrx_word' id='word_1_337' title='bbox 1013 2956 1085 3012; x_wconf 90' lang='lat' dir='ltr'><strong>enim</strong></span> <span class='ocrx_word' id='word_1_338' title='bbox 1098 2956 1271 3031; x_wconf 79' lang='lat' dir='ltr'><strong>Iphigeniam</strong></span> <span class='ocrx_word' id='word_1_339' title='bbox 1286 2955 1672 3030; x_wconf 85' lang='lat' dir='ltr'><strong>pulcrum-thronumhahens</strong></span> 
     </span>
     <span class='ocr_line' id='line_1_60' title="bbox 1267 3045 1669 3122; baseline 0.005 -20"><span class='ocrx_word' id='word_1_340' title='bbox 1267 3045 1328 3118; x_wconf 87' lang='lat' dir='ltr'><strong>[dea</strong></span> <span class='ocrx_word' id='word_1_341' title='bbox 1345 3047 1539 3120; x_wconf 84' lang='lat' dir='ltr'><strong>quae-sagittis</strong></span> <span class='ocrx_word' id='word_1_342' title='bbox 1557 3047 1669 3122; x_wconf 83' lang='lat' dir='ltr'><strong>gaudet,</strong></span> 
     </span>
     <span class='ocr_line' id='line_1_61' title="bbox 902 3133 1672 3208; baseline 0.004 -21"><span class='ocrx_word' id='word_1_343' title='bbox 902 3149 991 3206; x_wconf 90' lang='lat' dir='ltr'><strong>neque</strong></span> <span class='ocrx_word' id='word_1_344' title='bbox 1003 3133 1110 3190; x_wconf 88' lang='lat' dir='ltr'><strong>Hersen</strong></span> <span class='ocrx_word' id='word_1_345' title='bbox 1123 3133 1394 3208; x_wconf 87' lang='lat' dir='ltr'><strong>horrenda-aspectu</strong></span> <span class='ocrx_word' id='word_1_346' title='bbox 1411 3143 1559 3208; x_wconf 87' lang='lat' dir='ltr'><strong>aspernata</strong></span> <span class='ocrx_word' id='word_1_347' title='bbox 1569 3143 1612 3192; x_wconf 88' lang='lat' dir='ltr'><strong>est</strong></span> <span class='ocrx_word' id='word_1_348' title='bbox 1622 3134 1672 3192; x_wconf 88' lang='lat' dir='ltr'><strong>Mi·</strong></span> 
     </span>
     <span class='ocr_line' id='line_1_62' title="bbox 1548 3227 1669 3297; baseline 0 -19"><span class='ocrx_word' id='word_1_349' title='bbox 1548 3227 1643 3297; x_wconf 86' lang='lat' dir='ltr'><strong>[nerva</strong></span> <span class='ocrx_word' id='word_1_350' title='bbox 1662 3240 1669 3278; x_wconf 95' lang='lat'><strong>:</strong></span> 
     </span>
     <span class='ocr_line' id='line_1_63' title="bbox 901 3312 1585 3388; baseline 0.006 -22"><span class='ocrx_word' id='word_1_351' title='bbox 901 3329 990 3385; x_wconf 90' lang='lat' dir='ltr'><strong>neque</strong></span> <span class='ocrx_word' id='word_1_352' title='bbox 1005 3329 1066 3369; x_wconf 89' lang='lat' dir='ltr'><strong>eam</strong></span> <span class='ocrx_word' id='word_1_353' title='bbox 1078 3313 1140 3387; x_wconf 87' lang='lat' dir='ltr'><strong>ipsa</strong></span> <span class='ocrx_word' id='word_1_354' title='bbox 1156 3313 1278 3370; x_wconf 84' lang='lat' dir='ltr'><strong>heminis</strong></span> <span class='ocrx_word' id='word_1_355' title='bbox 1289 3312 1430 3370; x_wconf 89' lang='lat' dir='ltr'><strong>veteribus</strong></span> <span class='ocrx_word' id='word_1_356' title='bbox 1446 3313 1585 3388; x_wconf 89' lang='lat' dir='ltr'><strong>imperans</strong></span> 
     </span>
     <span class='ocr_line' id='line_1_64' title="bbox 901 3401 1528 3476; baseline 0.002 -18"><span class='ocrx_word' id='word_1_357' title='bbox 901 3401 1018 3458; x_wconf 81' lang='lat' dir='ltr'><strong>Cesaris</strong></span> <span class='ocrx_word' id='word_1_358' title='bbox 1030 3402 1196 3476; x_wconf 78' lang='lat' dir='ltr'><strong>magnanimi</strong></span> <span class='ocrx_word' id='word_1_359' title='bbox 1208 3401 1342 3476; x_wconf 88' lang='lat' dir='ltr'><strong>despiciet</strong></span> <span class='ocrx_word' id='word_1_360' title='bbox 1354 3402 1426 3459; x_wconf 88' lang='lat' dir='ltr'><strong>alma</strong></span> <span class='ocrx_word' id='word_1_361' title='bbox 1440 3407 1528 3459; x_wconf 89' lang='lat' dir='ltr'><strong>mater</strong></span> 
     </span>
     <span class='ocr_line' id='line_1_65' title="bbox 900 3489 1563 3565; baseline 0.003 -20"><span class='ocrx_word' id='word_1_362' title='bbox 900 3490 1055 3546; x_wconf 86' lang='lat' dir='ltr'><strong>venientem</strong></span> <span class='ocrx_word' id='word_1_363' title='bbox 1067 3491 1094 3546; x_wconf 93' lang='lat' dir='ltr'><strong>in</strong></span> <span class='ocrx_word' id='word_1_364' title='bbox 1106 3492 1220 3547; x_wconf 91' lang='lat' dir='ltr'><strong>chorum</strong></span> <span class='ocrx_word' id='word_1_365' title='bbox 1233 3489 1355 3565; x_wconf 88' lang='lat' dir='ltr'><strong>priorum</strong></span> <span class='ocrx_word' id='word_1_366' title='bbox 1370 3491 1563 3549; x_wconf 89' lang='lat' dir='ltr'><strong>semidearum.</strong></span> 
     </span>
     <span class='ocr_line' id='line_1_66' title="bbox 901 3578 1436 3655; baseline 0.006 -21"><span class='ocrx_word' id='word_1_367' title='bbox 901 3579 944 3634; x_wconf 88' lang='lat' dir='ltr'><strong>oui</strong></span> <span class='ocrx_word' id='word_1_368' title='bbox 957 3578 1059 3654; x_wconf 79' lang='lat' dir='ltr'><strong>obtigit</strong></span> <span class='ocrx_word' id='word_1_369' title='bbox 1071 3579 1171 3654; x_wconf 82' lang='lat' dir='ltr'><strong>Elysiis</strong></span> <span class='ocrx_word' id='word_1_370' title='bbox 1184 3581 1292 3636; x_wconf 86' lang='lat' dir='ltr'><strong>choreis</strong></span> <span class='ocrx_word' id='word_1_371' title='bbox 1307 3597 1436 3655; x_wconf 81' lang='lat' dir='ltr'><strong>regnare,</strong></span> 
     </span>
     <span class='ocr_line' id='line_1_67' title="bbox 901 3667 1535 3742; baseline 0.008 -20"><span class='ocrx_word' id='word_1_372' title='bbox 901 3667 1009 3742; x_wconf 89' lang='lat' dir='ltr'><strong>ipsique</strong></span> <span class='ocrx_word' id='word_1_373' title='bbox 1023 3675 1051 3725; x_wconf 92' lang='lat' dir='ltr'><strong>et</strong></span> <span class='ocrx_word' id='word_1_374' title='bbox 1062 3668 1198 3726; x_wconf 77' lang='lat' dir='ltr'><strong>Alcmena</strong></span> <span class='ocrx_word' id='word_1_375' title='bbox 1210 3675 1238 3726; x_wconf 93' lang='lat' dir='ltr'><strong>et</strong></span> <span class='ocrx_word' id='word_1_376' title='bbox 1251 3669 1340 3727; x_wconf 85' lang='lat' dir='ltr'><strong>beatae</strong></span> <span class='ocrx_word' id='word_1_377' title='bbox 1356 3669 1535 3727; x_wconf 77' lang='lat' dir='ltr'><strong>Cadmi-illisa.</strong></span> 
     </span>
    </p>
   </div>
   <div class='ocr_carea' id='block_1_10' title="bbox 1111 3792 1415 3850">
    <p class='ocr_par' dir='ltr' id='par_1_10' title="bbox 1111 3792 1415 3850">
     <span class='ocr_line' id='line_1_68' title="bbox 1111 3792 1415 3850; baseline -0.007 0"><span class='ocrx_word' id='word_1_378' title='bbox 1111 3795 1174 3850; x_wconf 78' lang='lat'><strong>265.</strong></span> <span class='ocrx_word' id='word_1_379' title='bbox 1194 3792 1415 3850; x_wconf 85' lang='lat' dir='ltr'>ANONYMUM.</span> 
     </span>
    </p>
   </div>
   <div class='ocr_carea' id='block_1_11' title="bbox 900 3907 1535 4072">
    <p class='ocr_par' dir='ltr' id='par_1_11' title="bbox 900 3907 1535 4072">
     <span class='ocr_line' id='line_1_69' title="bbox 900 3907 1535 3983; baseline 0.003 -19"><span class='ocrx_word' id='word_1_380' title='bbox 900 3907 998 3965; x_wconf 89' lang='lat' dir='ltr'><strong>Filium</strong></span> <span class='ocrx_word' id='word_1_381' title='bbox 1009 3909 1165 3983; x_wconf 77' lang='lat' dir='ltr'><strong>xenagora</strong></span> <span class='ocrx_word' id='word_1_382' title='bbox 1178 3915 1205 3964; x_wconf 91' lang='lat' dir='ltr'><strong>et</strong></span> <span class='ocrx_word' id='word_1_383' title='bbox 1218 3909 1386 3982; x_wconf 75' lang='lat' dir='ltr'><strong>Praxagorae</strong></span> <span class='ocrx_word' id='word_1_384' title='bbox 1401 3907 1479 3964; x_wconf 84' lang='lat' dir='ltr'><strong>rides</strong></span> <span class='ocrx_word' id='word_1_385' title='bbox 1491 3925 1535 3966; x_wconf 89' lang='lat' dir='ltr'><strong>me</strong></span> 
     </span>
     <span class='ocr_line' id='line_1_70' title="bbox 934 3997 1504 4072; baseline -0.002 -18"><span class='ocrx_word' id='word_1_386' title='bbox 934 4005 1051 4072; x_wconf 84' lang='lat' dir='ltr'><strong>mystam</strong></span> <span class='ocrx_word' id='word_1_387' title='bbox 1063 3998 1181 4066; x_wconf 87' lang='lat' dir='ltr'><strong>Cereris,</strong></span> <span class='ocrx_word' id='word_1_388' title='bbox 1195 3999 1372 4072; x_wconf 83' lang='lat' dir='ltr'><strong>Xenagoram</strong></span> <span class='ocrx_word' id='word_1_389' title='bbox 1385 3997 1504 4055; x_wconf 92' lang='lat' dir='ltr'><strong>nomine.</strong></span> 
     </span>
    </p>
   </div>
   <div class='ocr_carea' id='block_1_12' title="bbox 1194 4125 1377 4180">
    <p class='ocr_par' dir='ltr' id='par_1_12' title="bbox 1194 4125 1377 4180">
     <span class='ocr_line' id='line_1_71' title="bbox 1194 4125 1377 4180; baseline -0.022 -2"><span class='ocrx_word' id='word_1_390' title='bbox 1194 4125 1256 4180; x_wconf 67' lang='grc' dir='ltr'>ἳθθ.</span> <span class='ocrx_word' id='word_1_391' title='bbox 1278 4131 1377 4174; x_wconf 78' lang='lat' dir='ltr'><strong>amun.</strong></span> 
     </span>
    </p>
   </div>
   <div class='ocr_carea' id='block_1_13' title="bbox 898 4246 1527 4323">
    <p class='ocr_par' dir='ltr' id='par_1_13' title="bbox 898 4246 1527 4323">
     <span class='ocr_line' id='line_1_72' title="bbox 898 4246 1527 4323; baseline -0.006 -17"><span class='ocrx_word' id='word_1_392' title='bbox 898 4250 1051 4323; x_wconf 84' lang='lat' dir='ltr'><strong>Mystarum</strong></span> <span class='ocrx_word' id='word_1_393' title='bbox 1066 4247 1162 4304; x_wconf 89' lang='lat' dir='ltr'><strong>ducem</strong></span> <span class='ocrx_word' id='word_1_394' title='bbox 1176 4247 1344 4321; x_wconf 74' lang='lat' dir='ltr'><strong>Polyzelum,</strong></span> <span class='ocrx_word' id='word_1_395' title='bbox 1361 4247 1448 4321; x_wconf 89' lang='lat' dir='ltr'><strong>patris</strong></span> <span class='ocrx_word' id='word_1_396' title='bbox 1463 4246 1527 4302; x_wconf 92' lang='lat' dir='ltr'><strong>honi</strong></span> 
     </span>
    </p>
   </div>
   <div class='ocr_carea' id='block_1_14' title="bbox 93 4363 1429 4398">
    <p class='ocr_par' dir='ltr' id='par_1_14' title="bbox 93 4363 1429 4398">
     <span class='ocr_line' id='line_1_73' title="bbox 93 4363 1429 4398; baseline 0.008 -21"><span class='ocrx_word' id='word_1_397' title='bbox 93 4363 1429 4398; x_wconf 45' lang='grc' dir='ltr'>Ἢ</span> 
     </span>
    </p>
   </div>
   <div class='ocr_carea' id='block_1_15' title="bbox 92 4423 842 4506">
    <p class='ocr_par' dir='ltr' id='par_1_15' title="bbox 92 4423 842 4506">
     <span class='ocr_line' id='line_1_74' title="bbox 92 4423 842 4506; baseline 0.031 -32"><span class='ocrx_word' id='word_1_398' title='bbox 92 4423 161 4488; x_wconf 76' lang='lat' dir='ltr'><strong>Atque</strong></span> <span class='ocrx_word' id='word_1_399' title='bbox 170 4429 223 4482; x_wconf 76' lang='lat' dir='ltr'><strong>haec</strong></span> <span class='ocrx_word' id='word_1_400' title='bbox 235 4433 327 4496; x_wconf 85' lang='lat' dir='ltr'><strong>pulcra</strong></span> <span class='ocrx_word' id='word_1_401' title='bbox 342 4433 456 4499; x_wconf 86' lang='lat' dir='ltr'><strong>quidam,</strong></span> <span class='ocrx_word' id='word_1_402' title='bbox 468 4452 547 4503; x_wconf 87' lang='lat' dir='ltr'><strong>quam</strong></span> <span class='ocrx_word' id='word_1_403' title='bbox 557 4441 700 4506; x_wconf 82' lang='lat' dir='ltr'><strong>conspicis,</strong></span> <span class='ocrx_word' id='word_1_404' title='bbox 710 4443 842 4506; x_wconf 68' lang='lat' dir='ltr'><strong>Eusene,</strong></span> 
     </span>
    </p>
   </div>
   <div class='ocr_carea' id='block_1_16' title="bbox 92 4509 827 4929">
    <p class='ocr_par' dir='ltr' id='par_1_16' title="bbox 93 4509 684 4590">
     <span class='ocr_line' id='line_1_75' title="bbox 93 4509 684 4590; baseline 0.037 -36"><span class='ocrx_word' id='word_1_405' title='bbox 93 4513 112 4555; x_wconf 83' lang='lat' dir='ltr'><strong>at</strong></span> <span class='ocrx_word' id='word_1_406' title='bbox 122 4509 260 4574; x_wconf 77' lang='lat' dir='ltr'><strong>Ganymede</strong></span> <span class='ocrx_word' id='word_1_407' title='bbox 272 4523 332 4566; x_wconf 87' lang='lat' dir='ltr'><strong>sata</strong></span> <span class='ocrx_word' id='word_1_408' title='bbox 345 4519 483 4583; x_wconf 79' lang='lat' dir='ltr'><strong>sanguine,</strong></span> <span class='ocrx_word' id='word_1_409' title='bbox 498 4521 684 4590; x_wconf 83' lang='lat' dir='ltr'><strong>Dardanioque</strong></span> 
     </span>
    </p>

    <p class='ocr_par' dir='ltr' id='par_1_17' title="bbox 92 4589 827 4929">
     <span class='ocr_line' id='line_1_76' title="bbox 93 4589 744 4674; baseline 0.038 -36"><span class='ocrx_word' id='word_1_410' title='bbox 93 4589 156 4642; x_wconf 80' lang='lat' dir='ltr'><strong>Troia</strong></span> <span class='ocrx_word' id='word_1_411' title='bbox 171 4593 374 4653; x_wconf 80' lang='lat' dir='ltr'><strong>Erichthonidao.</strong></span> <span class='ocrx_word' id='word_1_412' title='bbox 388 4601 436 4654; x_wconf 87' lang='lat' dir='ltr'><strong>Cui</strong></span> <span class='ocrx_word' id='word_1_413' title='bbox 448 4605 599 4658; x_wconf 84' lang='lat' dir='ltr'><strong>sacrificare</strong></span> <span class='ocrx_word' id='word_1_414' title='bbox 614 4611 744 4674; x_wconf 80' lang='lat' dir='ltr'><strong>voluntas,</strong></span> 
     </span>
     <span class='ocr_line' id='line_1_77' title="bbox 92 4677 827 4761; baseline 0.037 -37"><span class='ocrx_word' id='word_1_415' title='bbox 92 4677 204 4728; x_wconf 74' lang='lat' dir='ltr'><strong>manicat</strong></span> <span class='ocrx_word' id='word_1_416' title='bbox 219 4695 226 4728; x_wconf 91' lang='lat'>:</span> <span class='ocrx_word' id='word_1_417' title='bbox 238 4696 288 4733; x_wconf 88' lang='lat' dir='ltr'><strong>nec</strong></span> <span class='ocrx_word' id='word_1_418' title='bbox 299 4690 370 4736; x_wconf 85' lang='lat' dir='ltr'><strong>anim</strong></span> <span class='ocrx_word' id='word_1_419' title='bbox 382 4687 493 4740; x_wconf 86' lang='lat' dir='ltr'><strong>invitum</strong></span> <span class='ocrx_word' id='word_1_420' title='bbox 504 4691 567 4742; x_wconf 87' lang='lat' dir='ltr'><strong>dara</strong></span> <span class='ocrx_word' id='word_1_421' title='bbox 581 4699 641 4744; x_wconf 87' lang='lat' dir='ltr'><strong>tura</strong></span> <span class='ocrx_word' id='word_1_422' title='bbox 656 4711 766 4750; x_wconf 85' lang='lat' dir='ltr'><strong>necessa</strong></span> <span class='ocrx_word' id='word_1_423' title='bbox 778 4707 827 4761; x_wconf 84' lang='lat' dir='ltr'><strong>aet,</strong></span> 
     </span>
     <span class='ocr_line' id='line_1_78' title="bbox 93 4761 785 4834; baseline 0.038 -26"><span class='ocrx_word' id='word_1_424' title='bbox 93 4761 127 4809; x_wconf 76' lang='lat' dir='ltr'><strong>rel</strong></span> <span class='ocrx_word' id='word_1_425' title='bbox 140 4777 159 4811; x_wconf 84' lang='lat' dir='ltr'><strong>ar</strong></span> <span class='ocrx_word' id='word_1_426' title='bbox 173 4765 211 4814; x_wconf 89' lang='lat' dir='ltr'><strong>cui</strong></span> <span class='ocrx_word' id='word_1_427' title='bbox 226 4763 336 4818; x_wconf 82' lang='lat' dir='ltr'><strong>heroam</strong></span> <span class='ocrx_word' id='word_1_428' title='bbox 350 4786 414 4822; x_wconf 86' lang='lat' dir='ltr'><strong>cura</strong></span> <span class='ocrx_word' id='word_1_429' title='bbox 425 4783 466 4824; x_wconf 85' lang='lat' dir='ltr'><strong>ast</strong></span> <span class='ocrx_word' id='word_1_430' title='bbox 479 4791 532 4825; x_wconf 91' lang='lat' dir='ltr'><strong>non</strong></span> <span class='ocrx_word' id='word_1_431' title='bbox 546 4785 665 4830; x_wconf 86' lang='lat' dir='ltr'><strong>temnere</strong></span> <span class='ocrx_word' id='word_1_432' title='bbox 677 4783 785 4834; x_wconf 85' lang='lat' dir='ltr'><strong>cultum.</strong></span> 
     </span>
     <span class='ocr_line' id='line_1_79' title="bbox 92 4845 802 4929; baseline 0.035 -35"><span class='ocrx_word' id='word_1_433' title='bbox 92 4845 134 4898; x_wconf 74' lang='lat' dir='ltr'><strong>Nec</strong></span> <span class='ocrx_word' id='word_1_434' title='bbox 145 4849 259 4899; x_wconf 80' lang='lat' dir='ltr'><strong>mortalia</strong></span> <span class='ocrx_word' id='word_1_435' title='bbox 279 4849 358 4909; x_wconf 81' lang='lat' dir='ltr'><strong>enim,</strong></span> <span class='ocrx_word' id='word_1_436' title='bbox 371 4853 417 4904; x_wconf 86' lang='lat' dir='ltr'><strong>aed</strong></span> <span class='ocrx_word' id='word_1_437' title='bbox 429 4870 478 4906; x_wconf 87' lang='lat' dir='ltr'><strong>nec</strong></span> <span class='ocrx_word' id='word_1_438' title='bbox 486 4857 539 4908; x_wconf 86' lang='lat' dir='ltr'><strong>dea</strong></span> <span class='ocrx_word' id='word_1_439' title='bbox 549 4860 611 4925; x_wconf 87' lang='lat' dir='ltr'><strong>jure</strong></span> <span class='ocrx_word' id='word_1_440' title='bbox 623 4867 741 4929; x_wconf 82' lang='lat' dir='ltr'><strong>putanda</strong></span> <span class='ocrx_word' id='word_1_441' title='bbox 752 4875 802 4918; x_wconf 84' lang='lat' dir='ltr'><strong>eat.</strong></span> 
     </span>
    </p>
   </div>
   <div class='ocr_carea' id='block_1_17' title="bbox 93 4931 840 5354">
    <p class='ocr_par' dir='ltr' id='par_1_18' title="bbox 93 4931 840 5090">
     <span class='ocr_line' id='line_1_80' title="bbox 94 4931 840 5014; baseline 0.027 -34"><span class='ocrx_word' id='word_1_442' title='bbox 94 4931 136 4984; x_wconf 81' lang='lat' dir='ltr'><strong>h&#39;ec</strong></span> <span class='ocrx_word' id='word_1_443' title='bbox 147 4939 270 5004; x_wconf 86' lang='lat' dir='ltr'><strong>templum</strong></span> <span class='ocrx_word' id='word_1_444' title='bbox 281 4937 331 4989; x_wconf 84' lang='lat' dir='ltr'><strong>illa</strong></span> <span class='ocrx_word' id='word_1_445' title='bbox 338 4940 451 5005; x_wconf 81' lang='lat' dir='ltr'><strong>quidem,</strong></span> <span class='ocrx_word' id='word_1_446' title='bbox 459 4942 507 4992; x_wconf 85' lang='lat' dir='ltr'><strong>aad</strong></span> <span class='ocrx_word' id='word_1_447' title='bbox 515 4959 563 4994; x_wconf 88' lang='lat' dir='ltr'><strong>neo</strong></span> <span class='ocrx_word' id='word_1_448' title='bbox 573 4947 667 4998; x_wconf 85' lang='lat' dir='ltr'><strong>sortita</strong></span> <span class='ocrx_word' id='word_1_449' title='bbox 676 4951 840 5014; x_wconf 86' lang='lat' dir='ltr'><strong>sepulcrum:</strong></span> 
     </span>
     <span class='ocr_line' id='line_1_81' title="bbox 93 5026 785 5090; baseline 0.023 -22"><span class='ocrx_word' id='word_1_450' title='bbox 93 5035 133 5072; x_wconf 90' lang='lat' dir='ltr'><strong>non</strong></span> <span class='ocrx_word' id='word_1_451' title='bbox 144 5026 283 5090; x_wconf 89' lang='lat' dir='ltr'><strong>hominnm,</strong></span> <span class='ocrx_word' id='word_1_452' title='bbox 300 5028 347 5078; x_wconf 82' lang='lat' dir='ltr'><strong>sed</strong></span> <span class='ocrx_word' id='word_1_453' title='bbox 360 5043 408 5080; x_wconf 87' lang='lat' dir='ltr'><strong>nac</strong></span> <span class='ocrx_word' id='word_1_454' title='bbox 418 5028 507 5082; x_wconf 81' lang='lat' dir='ltr'><strong>divdm</strong></span> <span class='ocrx_word' id='word_1_455' title='bbox 517 5041 649 5084; x_wconf 84' lang='lat' dir='ltr'><strong>mereatur</strong></span> <span class='ocrx_word' id='word_1_456' title='bbox 662 5037 785 5086; x_wconf 88' lang='lat' dir='ltr'><strong>honores.</strong></span> 
     </span>
    </p>

    <p class='ocr_par' dir='ltr' id='par_1_19' title="bbox 95 5107 774 5184">
     <span class='ocr_line' id='line_1_82' title="bbox 95 5107 774 5184; baseline 0.01 -21"><span class='ocrx_word' id='word_1_457' title='bbox 95 5107 136 5158; x_wconf 82' lang='lat' dir='ltr'><strong>Par·</strong></span> <span class='ocrx_word' id='word_1_458' title='bbox 146 5118 239 5184; x_wconf 90' lang='lat' dir='ltr'><strong>templo</strong></span> <span class='ocrx_word' id='word_1_459' title='bbox 255 5116 339 5168; x_wconf 89' lang='lat' dir='ltr'><strong>moles</strong></span> <span class='ocrx_word' id='word_1_460' title='bbox 350 5115 411 5168; x_wconf 87' lang='lat' dir='ltr'><strong>huic</strong></span> <span class='ocrx_word' id='word_1_461' title='bbox 424 5118 509 5184; x_wconf 80' lang='lat' dir='ltr'><strong>surgit</strong></span> <span class='ocrx_word' id='word_1_462' title='bbox 521 5117 548 5167; x_wconf 93' lang='lat' dir='ltr'><strong>in</strong></span> <span class='ocrx_word' id='word_1_463' title='bbox 561 5119 626 5170; x_wconf 87' lang='lat' dir='ltr'><strong>urbe</strong></span> <span class='ocrx_word' id='word_1_464' title='bbox 638 5120 774 5182; x_wconf 80' lang='lat' dir='ltr'><strong>Minervae,</strong></span> 
     </span>
    </p>

    <p class='ocr_par' dir='ltr' id='par_1_20' title="bbox 95 5202 769 5354">
     <span class='ocr_line' id='line_1_83' title="bbox 95 5202 769 5270; baseline 0.013 -22"><span class='ocrx_word' id='word_1_465' title='bbox 95 5206 126 5248; x_wconf 80' lang='lat' dir='ltr'><strong>eat</strong></span> <span class='ocrx_word' id='word_1_466' title='bbox 136 5205 216 5259; x_wconf 78' lang='lat' dir='ltr'><strong>anima</strong></span> <span class='ocrx_word' id='word_1_467' title='bbox 232 5207 258 5257; x_wconf 89' lang='lat' dir='ltr'><strong>in</strong></span> <span class='ocrx_word' id='word_1_468' title='bbox 272 5220 354 5269; x_wconf 83' lang='lat' dir='ltr'><strong>regno</strong></span> <span class='ocrx_word' id='word_1_469' title='bbox 366 5202 560 5254; x_wconf 79' lang='lat' dir='ltr'><strong>Rhadamanthi</strong></span> <span class='ocrx_word' id='word_1_470' title='bbox 574 5206 635 5256; x_wconf 86' lang='lat' dir='ltr'><strong>laeta</strong></span> <span class='ocrx_word' id='word_1_471' title='bbox 648 5213 769 5270; x_wconf 77' lang='lat' dir='ltr'><strong>vagatur.</strong></span> 
     </span>
     <span class='ocr_line' id='line_1_84' title="bbox 95 5273 731 5354; baseline 0.025 -29"><span class='ocrx_word' id='word_1_472' title='bbox 95 5273 187 5352; x_wconf 77' lang='lat' dir='ltr'><strong>lapago</strong></span> <span class='ocrx_word' id='word_1_473' title='bbox 202 5289 307 5354; x_wconf 78' lang='lat' dir='ltr'><strong>Triopas</strong></span> <span class='ocrx_word' id='word_1_474' title='bbox 321 5285 455 5337; x_wconf 81' lang='lat' dir='ltr'><strong>Faustinae</strong></span> <span class='ocrx_word' id='word_1_475' title='bbox 468 5287 525 5337; x_wconf 85' lang='lat' dir='ltr'><strong>haec</strong></span> <span class='ocrx_word' id='word_1_476' title='bbox 537 5297 615 5353; x_wconf 79' lang='lat' dir='ltr'><strong>grata</strong></span> <span class='ocrx_word' id='word_1_477' title='bbox 628 5291 731 5342; x_wconf 85' lang='lat' dir='ltr'><strong>locatur</strong></span> 
     </span>
    </p>
   </div>
   <div class='ocr_carea' id='block_1_18' title="bbox 894 4445 1667 5357">
    <p class='ocr_par' dir='ltr' id='par_1_21' title="bbox 897 4445 1470 4512">
     <span class='ocr_line' id='line_1_85' title="bbox 897 4445 1470 4512; baseline -0.005 -15"><span class='ocrx_word' id='word_1_478' title='bbox 897 4448 1013 4512; x_wconf 54' lang='lat' dir='ltr'><strong>effigiem</strong></span> <span class='ocrx_word' id='word_1_479' title='bbox 1029 4447 1072 4498; x_wconf 89' lang='lat' dir='ltr'><strong>hic</strong></span> <span class='ocrx_word' id='word_1_480' title='bbox 1087 4445 1150 4496; x_wconf 92' lang='lat' dir='ltr'><strong>olim</strong></span> <span class='ocrx_word' id='word_1_481' title='bbox 1163 4445 1202 4496; x_wconf 94' lang='lat' dir='ltr'><strong>illi</strong></span> <span class='ocrx_word' id='word_1_482' title='bbox 1215 4461 1262 4496; x_wconf 86' lang='lat' dir='ltr'><strong>sua</strong></span> <span class='ocrx_word' id='word_1_483' title='bbox 1276 4445 1384 4511; x_wconf 83' lang='lat' dir='ltr'><strong>pinguia</strong></span> <span class='ocrx_word' id='word_1_484' title='bbox 1399 4459 1470 4504; x_wconf 83' lang='lat' dir='ltr'><strong>rura,</strong></span> 
     </span>
    </p>

    <p class='ocr_par' dir='ltr' id='par_1_22' title="bbox 897 4529 1498 4596">
     <span class='ocr_line' id='line_1_86' title="bbox 897 4529 1498 4596; baseline -0.005 -16"><span class='ocrx_word' id='word_1_485' title='bbox 897 4531 988 4582; x_wconf 88' lang='lat' dir='ltr'><strong>ordina</strong></span> <span class='ocrx_word' id='word_1_486' title='bbox 1003 4531 1047 4582; x_wconf 91' lang='lat' dir='ltr'><strong>uhi</strong></span> <span class='ocrx_word' id='word_1_487' title='bbox 1064 4529 1157 4596; x_wconf 87' lang='lat' dir='ltr'><strong>positas</strong></span> <span class='ocrx_word' id='word_1_488' title='bbox 1168 4529 1245 4590; x_wconf 85' lang='lat' dir='ltr'><strong>vites,</strong></span> <span class='ocrx_word' id='word_1_489' title='bbox 1257 4529 1373 4593; x_wconf 86' lang='lat' dir='ltr'><strong>oleaeque</strong></span> <span class='ocrx_word' id='word_1_490' title='bbox 1388 4529 1498 4578; x_wconf 80' lang='lat' dir='ltr'><strong>feraces.</strong></span> 
     </span>
    </p>

    <p class='ocr_par' dir='ltr' id='par_1_23' title="bbox 897 4612 1490 4676">
     <span class='ocr_line' id='line_1_87' title="bbox 897 4612 1490 4676; baseline -0.005 -12"><span class='ocrx_word' id='word_1_491' title='bbox 897 4615 952 4666; x_wconf 87' lang='lat' dir='ltr'><strong>Nec</strong></span> <span class='ocrx_word' id='word_1_492' title='bbox 966 4616 1016 4666; x_wconf 84' lang='lat' dir='ltr'><strong>dea</strong></span> <span class='ocrx_word' id='word_1_493' title='bbox 1029 4614 1149 4664; x_wconf 73' lang='lat' dir='ltr'><strong>seminem</strong></span> <span class='ocrx_word' id='word_1_494' title='bbox 1164 4613 1216 4662; x_wconf 88' lang='lat' dir='ltr'><strong>dux</strong></span> <span class='ocrx_word' id='word_1_495' title='bbox 1231 4620 1256 4663; x_wconf 87' lang='lat' dir='ltr'><strong>et</strong></span> <span class='ocrx_word' id='word_1_496' title='bbox 1270 4612 1363 4676; x_wconf 82' lang='lat' dir='ltr'><strong>regina</strong></span> <span class='ocrx_word' id='word_1_497' title='bbox 1378 4619 1490 4662; x_wconf 84' lang='lat' dir='ltr'><strong>catervae</strong></span> 
     </span>
    </p>

    <p class='ocr_par' dir='ltr' id='par_1_24' title="bbox 896 4695 1667 4850">
     <span class='ocr_line' id='line_1_88' title="bbox 896 4695 1667 4761; baseline -0.005 -9"><span class='ocrx_word' id='word_1_498' title='bbox 896 4702 995 4751; x_wconf 84' lang='lat' dir='ltr'><strong>abnuet</strong></span> <span class='ocrx_word' id='word_1_499' title='bbox 1004 4701 1072 4750; x_wconf 88' lang='lat' dir='ltr'><strong>hanc</strong></span> <span class='ocrx_word' id='word_1_500' title='bbox 1084 4698 1226 4761; x_wconf 88' lang='lat' dir='ltr'><strong>nympham</strong></span> <span class='ocrx_word' id='word_1_501' title='bbox 1239 4697 1323 4746; x_wconf 84' lang='lat' dir='ltr'><strong>sacris</strong></span> <span class='ocrx_word' id='word_1_502' title='bbox 1334 4695 1386 4746; x_wconf 85' lang='lat' dir='ltr'><strong>sibi</strong></span> <span class='ocrx_word' id='word_1_503' title='bbox 1395 4697 1488 4746; x_wconf 84' lang='lat' dir='ltr'><strong>adesse</strong></span> <span class='ocrx_word' id='word_1_504' title='bbox 1502 4696 1667 4759; x_wconf 69' lang='lat' dir='ltr'><strong>ministram</strong></span> 
     </span>
     <span class='ocr_line' id='line_1_89' title="bbox 897 4779 1568 4850; baseline -0.007 -13"><span class='ocrx_word' id='word_1_505' title='bbox 897 4795 987 4850; x_wconf 80' lang='lat' dir='ltr'><strong>spreta</strong></span> <span class='ocrx_word' id='word_1_506' title='bbox 1001 4782 1155 4849; x_wconf 82' lang='lat' dir='ltr'><strong>sagittiferae</strong></span> <span class='ocrx_word' id='word_1_507' title='bbox 1167 4797 1216 4830; x_wconf 91' lang='lat' dir='ltr'><strong>nec</strong></span> <span class='ocrx_word' id='word_1_508' title='bbox 1228 4779 1298 4830; x_wconf 88' lang='lat' dir='ltr'><strong>enim</strong></span> <span class='ocrx_word' id='word_1_509' title='bbox 1314 4781 1452 4844; x_wconf 79' lang='lat' dir='ltr'><strong>iphigenia</strong></span> <span class='ocrx_word' id='word_1_510' title='bbox 1465 4781 1568 4843; x_wconf 76' lang='lat' dir='ltr'><strong>Dianas,</strong></span> 
     </span>
    </p>

    <p class='ocr_par' dir='ltr' id='par_1_25' title="bbox 896 4865 1506 4928">
     <span class='ocr_line' id='line_1_90' title="bbox 896 4865 1506 4928; baseline -0.005 -9"><span class='ocrx_word' id='word_1_511' title='bbox 896 4869 977 4921; x_wconf 85' lang='lat' dir='ltr'><strong>caesia</strong></span> <span class='ocrx_word' id='word_1_512' title='bbox 986 4885 1038 4920; x_wconf 89' lang='lat' dir='ltr'><strong>non</strong></span> <span class='ocrx_word' id='word_1_513' title='bbox 1053 4869 1155 4918; x_wconf 88' lang='lat' dir='ltr'><strong>Hersen</strong></span> <span class='ocrx_word' id='word_1_514' title='bbox 1170 4873 1210 4914; x_wconf 89' lang='lat' dir='ltr'><strong>est</strong></span> <span class='ocrx_word' id='word_1_515' title='bbox 1222 4871 1365 4928; x_wconf 88' lang='lat' dir='ltr'><strong>aspernata</strong></span> <span class='ocrx_word' id='word_1_516' title='bbox 1378 4865 1506 4926; x_wconf 79' lang='lat' dir='ltr'><strong>Minerva,</strong></span> 
     </span>
    </p>

    <p class='ocr_par' dir='ltr' id='par_1_26' title="bbox 895 4949 1583 5194">
     <span class='ocr_line' id='line_1_91' title="bbox 897 4949 1564 5019; baseline -0.006 -15"><span class='ocrx_word' id='word_1_517' title='bbox 897 4971 944 5004; x_wconf 86' lang='lat' dir='ltr'><strong>neo</strong></span> <span class='ocrx_word' id='word_1_518' title='bbox 956 4969 1014 5019; x_wconf 83' lang='lat' dir='ltr'><strong>quae</strong></span> <span class='ocrx_word' id='word_1_519' title='bbox 1027 4951 1097 5003; x_wconf 85' lang='lat' dir='ltr'><strong>inter</strong></span> <span class='ocrx_word' id='word_1_520' title='bbox 1111 4949 1212 5016; x_wconf 86' lang='lat' dir='ltr'><strong>priscas</strong></span> <span class='ocrx_word' id='word_1_521' title='bbox 1226 4963 1337 5014; x_wconf 79' lang='lat' dir='ltr'><strong>regnum</strong></span> <span class='ocrx_word' id='word_1_522' title='bbox 1352 4957 1423 4999; x_wconf 90' lang='lat' dir='ltr'><strong>tenet</strong></span> <span class='ocrx_word' id='word_1_523' title='bbox 1440 4951 1564 5000; x_wconf 87' lang='lat' dir='ltr'><strong>herolnas</strong></span> 
     </span>
     <span class='ocr_line' id='line_1_92' title="bbox 896 5035 1583 5101; baseline -0.006 -13"><span class='ocrx_word' id='word_1_524' title='bbox 896 5039 1008 5089; x_wconf 85' lang='lat' dir='ltr'><strong>Caesaris</strong></span> <span class='ocrx_word' id='word_1_525' title='bbox 1020 5041 1088 5090; x_wconf 88' lang='lat' dir='ltr'><strong>hanc</strong></span> <span class='ocrx_word' id='word_1_526' title='bbox 1101 5036 1192 5100; x_wconf 87' lang='lat' dir='ltr'><strong>magni</strong></span> <span class='ocrx_word' id='word_1_527' title='bbox 1204 5035 1290 5101; x_wconf 85' lang='lat' dir='ltr'><strong>possit</strong></span> <span class='ocrx_word' id='word_1_528' title='bbox 1304 5043 1473 5086; x_wconf 85' lang='lat' dir='ltr'><strong>contemnere</strong></span> <span class='ocrx_word' id='word_1_529' title='bbox 1489 5043 1583 5092; x_wconf 84' lang='lat' dir='ltr'><strong>mater,</strong></span> 
     </span>
     <span class='ocr_line' id='line_1_93' title="bbox 895 5120 1583 5194; baseline 0 -24"><span class='ocrx_word' id='word_1_530' title='bbox 895 5121 978 5171; x_wconf 86' lang='lat' dir='ltr'><strong>mixta</strong></span> <span class='ocrx_word' id='word_1_531' title='bbox 989 5121 1077 5172; x_wconf 89' lang='lat' dir='ltr'><strong>choris</strong></span> <span class='ocrx_word' id='word_1_532' title='bbox 1091 5120 1179 5186; x_wconf 89' lang='lat' dir='ltr'><strong>cupiet</strong></span> <span class='ocrx_word' id='word_1_533' title='bbox 1191 5135 1271 5194; x_wconf 87' lang='lat' dir='ltr'><strong>quum</strong></span> <span class='ocrx_word' id='word_1_534' title='bbox 1285 5120 1376 5170; x_wconf 88' lang='lat' dir='ltr'><strong>ludere</strong></span> <span class='ocrx_word' id='word_1_535' title='bbox 1389 5120 1565 5170; x_wconf 87' lang='lat' dir='ltr'><strong>semidearum</strong></span> <span class='ocrx_word' id='word_1_536' title='bbox 1578 5136 1583 5168; x_wconf 92' lang='lat'>:</span> 
     </span>
    </p>

    <p class='ocr_par' dir='ltr' id='par_1_27' title="bbox 894 5207 1663 5357">
     <span class='ocr_line' id='line_1_94' title="bbox 895 5207 1569 5272; baseline 0.001 -16"><span class='ocrx_word' id='word_1_537' title='bbox 895 5207 954 5272; x_wconf 87' lang='lat' dir='ltr'><strong>ipsa</strong></span> <span class='ocrx_word' id='word_1_538' title='bbox 968 5207 1064 5256; x_wconf 90' lang='lat' dir='ltr'><strong>etenim</strong></span> <span class='ocrx_word' id='word_1_539' title='bbox 1079 5207 1182 5271; x_wconf 81' lang='lat' dir='ltr'><strong>Elysias</strong></span> <span class='ocrx_word' id='word_1_540' title='bbox 1196 5207 1349 5256; x_wconf 84' lang='lat' dir='ltr'><strong>moderatur</strong></span> <span class='ocrx_word' id='word_1_541' title='bbox 1362 5213 1433 5256; x_wconf 84' lang='lat' dir='ltr'><strong>sorte</strong></span> <span class='ocrx_word' id='word_1_542' title='bbox 1449 5207 1569 5265; x_wconf 84' lang='lat' dir='ltr'><strong>choreas,</strong></span> 
     </span>
     <span class='ocr_line' id='line_1_95' title="bbox 894 5291 1663 5357; baseline 0.001 -15"><span class='ocrx_word' id='word_1_543' title='bbox 894 5307 1005 5356; x_wconf 83' lang='lat' dir='ltr'><strong>cumque</strong></span> <span class='ocrx_word' id='word_1_544' title='bbox 1016 5291 1073 5357; x_wconf 88' lang='lat' dir='ltr'><strong>ipsa</strong></span> <span class='ocrx_word' id='word_1_545' title='bbox 1085 5292 1271 5356; x_wconf 85' lang='lat' dir='ltr'><strong>Alcmeueque,</strong></span> <span class='ocrx_word' id='word_1_546' title='bbox 1280 5292 1410 5356; x_wconf 82' lang='lat' dir='ltr'><strong>beataque</strong></span> <span class='ocrx_word' id='word_1_547' title='bbox 1419 5291 1576 5340; x_wconf 87' lang='lat' dir='ltr'><strong>Cadmeona.</strong></span> <span class='ocrx_word' id='word_1_548' title='bbox 1584 5305 1663 5344; x_wconf 73' lang='lat' dir='ltr'><strong>saera.</strong></span> 
     </span>
    </p>
   </div>
   <div class='ocr_carea' id='block_1_19' title="bbox 0 0 1914 6012">
    <p class='ocr_par' dir='ltr' id='par_1_28' title="bbox 0 0 1914 6012">
     <span class='ocr_line' id='line_1_96' title="bbox 0 0 1914 6012; baseline 0 0"><span class='ocrx_word' id='word_1_549' title='bbox 0 0 1914 6012; x_wconf 95' lang='lat' dir='ltr'><strong> </strong></span> 
     </span>
    </p>
   </div>
  </div>
 </body>
</html>
