3866 6016
506 478 632 540 CAPUT
654 479 707 540 111.
729 479 1012 542 ΕΡΙΟΚΑΜΜΑΤΑ
1034 481 1371 544 DllllONSTllATlVA.

150 615 199 670 oda
213 613 317 690 ἄστρων
332 607 367 681 δὴ
384 612 484 687 μοῦνον
500 607 654 682 ἀιιδένητον
668 612 803 688 ἀνάγκην.

151 699 214 757 οὐδὲ
227 699 327 756 πόλοιο
340 700 428 777 φορὰν
442 700 474 754 σὺ
489 694 601 774 διέγνως
614 699 809 754 ἀστατέουσαν·
914 747 916 752 .

25 779 26 840 l
123 780 135 826 ⁵
149 788 283 844 ἀλλὰκαὶ
298 789 369 842 αὐτά
383 806 433 864 περ
449 785 507 840 όττι
525 784 599 842 τιλιῖ
613 789 725 863 σημήια
739 789 851 862 patuere.

149 877 271 934 Τοδνωια
285 873 320 946 δὴ
332 876 417 953 χριιὼ
429 871 538 929 καλέειν
552 875 582 930 σέ
594 871 645 929 τιν’
659 874 842 951 οδρανιώνων,

149 964 267 1043 αἰδέριόν
280 983 309 1019 τι
322 967 385 1019 νόον
400 963 518 1040 ρορέειν,
534 961 566 1016 οὐ
580 962 676 1038 γήινον
691 961 790 1036 έμπης.

149 1056 180 1109 El
191 1054 247 1130 γὰρ
260 1052 308 1108 καὶ
319 1053 466 1130 μερόπεσσι
478 1050 633 1128 χαμιρπέσι
645 1045 852 1123 συμδιότιυσας,

149 1143 304 1218 scalptore<
317 1137 423 1210 θνητῶν
436 1156 487 1216 περ
503 1133 721 1214 ἀλυκτοπέδῃσιν
737 1133 865 1212 έδέσμου,

111 1207 135 1253 ¹⁰
149 1227 223 1284 ἀλλὰ
235 1232 301 1284 νόον
316 1225 424 1282 παθέων
439 1227 467 1280 έν
480 1227 551 1280 τοῖσι
562 1228 657 1288 πόνοις
672 1223 819 1302 έκάδηρας,

150 1312 199 1382 ἔξω
215 1315 315 1393 σαρκδς
330 1309 396 1384 tta<
410 1309 439 1368 δέ
453 1314 501 1367 καὶ
515 1309 620 1390 ἀχλύος
632 1309 789 1383 έλυοέσσης,

149 1407 194 1460 καὶ
206 1403 325 1467 τελέσαις
342 1403 489 1479 προέειπας
501 1401 527 1464 ές
541 1399 639 1474 δστιρα
657 1401 746 1476 τέρμα
758 1399 909 1478 λαχούσας.

305 1991 374 2048 llv.
397 1986 463 2044 Tot
486 1983 631 2042 molli
645 1983 772 2043 ΕΡΜΟΥ.

152 2111 227 2180 Erre&
237 2120 427 2184 πολυπλανέις
438 2117 497 2176 κατ’
511 2102 656 2194 ὀλύμπιον
671 2119 779 2195 ἀστέρες
792 2113 873 2174 οὐδόν

152 2211 296 2280 εἰλεῦνται,
313 2211 361 2266 καὶ
374 2211 458 2264 τοῖσιν
473 2209 516 2262 olel
529 2201 699 2273 πανονέζιται
714 2206 794 2260 αἰών·

155 2301 315 2377 satrapas-lle
329 2299 422 2367 Μήνη,
440 2295 551 2372 στυγνός
568 2295 680 2371 Κρόνος,
697 2277 780 2357 Μλιος
791 2289 871 2364 ήδός,

152 2391 323 2465 παστοφόρος
336 2387 441 2461 Μαρέη,
453 2381 553 2460 θρασὺς
565 2365 648 2458 Κρης,
665 2379 792 2458 ιῦπτιρος
805 2365 911 2457 Ερμῆς,

127 2471 198 2530 teet
214 2477 293 2538 Ζεὺς.
304 2469 506 2551 ἀρχιγένιθλος,
524 2469 575 2546 ep‘
591 2465 623 2524 οὗ
644 2471 721 2546 pilot<
735 2463 911 2539 έδλάστησιν.

25 2565 26 2568 ’
153 2563 185 2617 Ol
199 2560 224 2618 δ’
237 2563 318 2618 αὐτοὶ
334 2563 458 2650 μερόπων
474 2556 576 2635 ἶλαχον
591 2557 679 2634 γένος·
696 2557 752 2612 lara
766 2552 790 2610 δ’
805 2557 832 2612 ἐν
845 2557 914 2632 ἡμῖν

153 2643 250 2720 Madia,
266 2651 342 2720 Ζιός,
353 2649 436 2726 Αρης,
452 2647 558 2724 Παρέη,
570 2645 682 2722 Κρόνος,
698 2627 791 2718 litae,
808 2629 913 2722 Ερμῆς.

152 2737 261 2794 'lodessa'
270 2737 317 2791 ἀπ’
327 2733 447 2814 αἰθερίου
461 2729 649 2812 μεμιρέσμιδα
659 2735 815 2809 πνιόματος
827 2731 915 2788 ἵλιιιιν

153 2823 249 2903 δάκρυ,
277 2822 398 2900 γέλωτα,
424 2819 527 2900 χολήν,
554 2823 669 2897 γένεσιν,
698 2819 795 2897 λόγον,
819 2819 913 2894 ὕπνον,

805 2904 912 2986 [ὄρεξιν.

116 2993 140 3040 ¹⁰
154 3005 242 3080 Δοόιρυ
267 3003 316 3079 μέν
341 3001 397 3056 ἐστι
422 2998 534 3076 Κρόνος·
554 2998 618 3061 Ζιδς
633 2993 658 3052 δ’
672 2996 692 3068 ή
706 2995 917 3140 γένιοιςὲλόγος

148 3164 239 3254 ’δυμδς
251 3160 335 3254 Κρης·
348 3174 429 3245 Μήνη
444 3170 469 3228 δ’
479 3173 522 3251 ἄρ’
532 3169 624 3237 ὕπνος·
635 3169 769 3250 Κυδέριια
784 3082 808 3227 δ’
817 3088 913 3252 όδδέδδ·

156 3249 250 3330 llatae
263 3259 294 3319 tt
305 3261 402 3339 γέλως·
417 3263 505 3337 τούτῳ
519 3261 572 3338 γὰρ
587 3260 682 3317 ἅπασα
695 3257 805 3324 δικαίως

155 3355 199 3408 acl
213 3351 301 3424 δνητὴ
318 3347 426 3405 διάνοια
439 3345 520 3426 γιλᾷ,
536 3349 584 3402 οιαὶ
597 3351 700 3425 κόσμος
713 3347 842 3426 ἀπείρων,

157 4133 204 4168 non
217 4121 297 4172 modo
310 4127 449 4185 perpetuos
463 4119 560 4170 obsunt
574 4132 639 4186 quos
651 4116 739 4168 sidera
752 4132 853 4176 oureus,

158 4210 183 4250 et
194 4218 328 4268 nunqnam
340 4201 436 4254 stantis
450 4200 549 4253 diducti
563 4201 665 4253 loedera
678 4200 778 4260 mundi,

158 4285 201 4334 sed
212 4283 276 4352 quid
287 4287 343 4338 lata
353 4291 448 4351 parent
459 4283 607 4351 praenuntia
620 4283 697 4350 signa
709 4282 803 4334 dedisti
819 4299 825 4332 :

160 4377 298 4434 propterea
311 4383 325 4418 e
337 4367 440 4436 superis
452 4382 532 4419 unum
543 4375 569 4418 te
583 4367 670 4418 dicere
684 4366 725 4417 las
739 4373 788 4427 est,

159 4466 205 4501 nee
217 4450 268 4502 tibi
281 4452 313 4503 de
328 4451 407 4502 terris
420 4457 516 4513 ortam,
531 4451 577 4502 sed
591 4451 625 4502 ab
640 4451 738 4502 aethere
749 4455 873 4500 mentem.

160 4533 312 4600 Quanquam
325 4533 423 4586 etenim
434 4533 548 4585 miseros
559 4532 685 4584 mortales
696 4531 766 4582 inter
779 4533 887 4598 agebas,

160 4617 263 4668 casibus
275 4617 393 4685 exposita
403 4619 580 4669 membrorum
593 4617 653 4682 lege
667 4616 774 4682 ligatus,

160 4707 186 4750 at
198 4708 312 4754 mentem
326 4701 397 4756 vitiis
410 4701 459 4754 tibi
473 4716 617 4768 purgavere
631 4701 751 4763 laborem

161 4785 326 4852 materiaeque
340 4801 420 4852 snper
431 4786 554 4837 tenebras
569 4791 595 4835 et
609 4799 705 4849 corpus
716 4781 781 4844 listi,

162 4867 247 4919 omnia
258 4868 405 4934 praedicens
417 4884 474 4935 quer
487 4883 546 4919 mox
556 4881 666 4918 ventura
680 4868 827 4918 trabuntur.

795 4957 823 4991 u.
842 4956 920 4992 anor.

353 5037 410 5086 lli.
428 5049 544 5088 musonis
559 5049 607 5086 ssu
625 5049 732 5086 maus.

242 5127 281 5178 De
294 5131 391 5193 septem
405 5127 555 5180 errantibus
566 5125 649 5178 stellis
661 5140 801 5194 eorumque
815 5126 841 5178 vi

448 5206 474 5252 et
488 5201 633 5267 affectibus.

165 5290 238 5344 Orbis
252 5293 279 5343 in
293 5293 395 5345 aetherii
411 5301 479 5346 texto
493 5301 602 5360 septena
614 5303 742 5360 vagantur

1673 484 1728 544 315

966 637 1021 678 non
1033 627 1168 678 astrorum
1183 638 1250 678 sane
1263 621 1344 678 modo
1360 636 1469 695 semper
1482 619 1728 694 ingyrum-aotam

1515 708 1728 781 [necessitatem

967 813 1055 869 neque
1067 796 1123 869 poli
1135 802 1237 854 motum
1252 803 1281 852 lu
1296 795 1444 870 dignovisti
1459 794 1613 854 instabilem
1628 814 1637 854 ε

967 885 1058 943 sedet
1072 883 1134 957 ipsa
1147 883 1257 958 quidem
1271 884 1345 958 quod
1359 883 1451 940 lerunt
1465 883 1547 958 signa
1560 883 1693 942 ostendis.

967 969 1141 1045 Quapropter
1154 977 1264 1045 oportet
1274 987 1402 1026 vocemus
1417 977 1445 1028 te
1460 969 1580 1044 aliquem
1596 971 1727 1029 caelicola·

1018 1111 1020 1114 .
1647 1059 1728 1132 [rum‚

967 1149 1044 1215 teque
1062 1145 1185 1202 dieamus
1200 1144 1340 1202 aetheriam
1359 1150 1477 1201 mentem
1496 1145 1578 1212 ferre,
1600 1161 1655 1202 non
1673 1151 1729 1202 ter·

1136 1235 1138 1242 ’
1464 1234 1590 1304 [restrem
1609 1233 1727 1288 omnine.

967 1319 996 1376 Si
1020 1320 1091 1376 enim
1116 1338 1177 1376 curn
1200 1320 1361 1377 mortalibus
1386 1319 1637 1392 humi-repentibus
1658 1336 1728 1375 una·

1615 1406 1728 1480 [vixisti‚

962 1501 995 1552 et
1008 1502 1113 1554 naturae
1128 1497 1281 1554 mortalium
1299 1495 1410 1570 quidem
1426 1494 1664 1551 indissolubilibus
1680 1511 1728 1569 pe-

1424 1583 1503 1655 [dieis
1518 1582 1727 1650 devinciamus,

967 1675 997 1727 at
1008 1678 1127 1728 mentem
1140 1670 1283 1729 affectibus
1294 1688 1344 1744 per
1358 1663 1467 1727 labores
1479 1669 1616 1744 purgasti,

967 1764 1046 1815 extra
1059 1775 1168 1815 carnem
1182 1757 1255 1815 ivisti
1271 1766 1299 1815 et
1312 1757 1456 1831 caliginem
1471 1757 1604 1830 limosam,

967 1851 995 1902 et
1006 1847 1097 1903 exitus
1110 1846 1262 1921 predixisti
1276 1847 1456 1920 inposterum
1471 1845 1556 1902 linem
1570 1846 1691 1904 sortitos.

1099 1997 1159 2052 ll'l.
1179 1993 1341 2052 EJUSDEM
1360 1992 1427 2051 SEU
1447 1992 1597 2050 HERMAE.

967 2126 1078 2198 Septem
1092 2126 1250 2199 multivaga
1265 2143 1315 2199 per
1326 2125 1481 2198 Olympium
1493 2125 1577 2182 stelle
1591 2125 1671 2182 limen

967 2215 1124 2282 volvuntur,
1135 2219 1163 2270 at
1172 2212 1217 2268 bis
1228 2229 1336 2285 semper
1351 2211 1654 2286 ad-normam-exigitur
1665 2221 1730 2269 tem·

1642 2301 1705 2372 [pus
1721 2317 1728 2356 :

967 2389 1155 2446 noctu-lucens
1169 2388 1255 2456 Luna,
1268 2385 1356 2444 tristis
1365 2385 1512 2454 Saturnus,
1523 2385 1568 2444 Sol
1582 2385 1678 2454 dulcis,

968 2475 1140 2537 thalamilera
1160 2475 1280 2550 Paphie,
1306 2475 1397 2532 audax
1414 2475 1538 2545 Mavors,
1561 2473 1749 2534 bene-alatus.

1556 2560 1729 2634 [Mercuriua,

969 2657 998 2708 et
1010 2651 1025 2708 J
1028 2650 1137 2726 uppiter
1152 2650 1402 2719 nascendi-auctor,
1418 2667 1452 2706 ex
1465 2666 1519 2723 quo
1533 2655 1634 2705 natura
1646 2647 1729 2720 origi-

1195 2733 1197 2736 ’
1556 2735 1729 2809 [nem-duxit.

969 2824 1054 2882 Iidem
1064 2825 1217 2882 mortalium
1226 2824 1317 2882 sortiti
1328 2820 1393 2883 simt
1402 2841 1505 2900 genus:
1516 2831 1610 2898 estque
1617 2823 1645 2879 in
1652 2823 1732 2880 nobis

969 2914 1057 2982 Luna,
1071 2913 1086 2970 J
1090 2913 1208 2988 uppiter,
1219 2914 1302 2983 Mars,
1314 2913 1431 2988 Paphie,
1439 2913 1585 2982 Saturnus,
1596 2911 1652 2980 Sol,
1662 2911 1730 2966 Μοι-

1618 2999 1730 3073 [curius.

970 3089 1144 3163 Quapropter
1156 3087 1556 3162 varias-in·partss·soindimur
1570 3086 1606 3144 ab
1619 3085 1731 3144 etherio

1423 3177 1465 3249 [ut
1479 3175 1576 3250 spiritu
1589 3175 1732 3232 trahamus

969 3264 1105 3334 lacrimas,
1116 3263 1210 3338 risum,
1224 3265 1302 3334 iram,
1313 3273 1413 3331 ortum,
1427 3281 1590 3331 sermonem,
1605 3278 1732 3319 somnum

1515 3351 1554 3422 [et
1565 3348 1730 3424 cupidinem.

970 3440 1094 3497 Lacrima
1101 3439 1209 3516 quidem
1217 3437 1540 3512 estSsturnus,Juppiter
1547 3443 1634 3508 ortus,
1643 3453 1732 3494 sermo

1558 3523 1730 3598 [Mercurius

970 3614 1012 3671 ira
1025 3615 1110 3683 Mers,
1126 3616 1203 3672 Luna
1214 3621 1305 3672 aulem
1320 3631 1441 3684 somnus,
1451 3613 1595 3687 'Cytherea
1608 3611 1717 3686 cupido,

970 3703 1071 3777 Solque
1086 3705 1168 3761 risus.
1184 3705 1238 3761 Per
1252 3705 1325 3760 bunc
1337 3703 1408 3760 enirn
1420 3701 1549 3760 universa
1559 3701 1635 3775 juste

973 3798 1002 3849 et
1014 3793 1140 3849 mortalis
1153 3809 1231 3850 mens
1244 3793 1325 3861 ridet,
1342 3799 1370 3849 et
1383 3791 1501 3847 mundus
1515 3788 1648 3846 infinitus.

974 4119 1070 4180 sidera,
1085 4119 1159 4186 queis
1173 4121 1280 4187 longum
1292 4119 1391 4185 pariter
1402 4118 1563 4170 convolvitur
1574 4132 1656 4168 aevum
1673 4133 1679 4166 z

974 4203 1081 4254 Saturni
1092 4203 1165 4255 sidus
1179 4218 1268 4270 greve,
1280 4202 1350 4254 Solis
1363 4202 1448 4262 dulce,
1461 4200 1553 4252 Dianae

974 4286 1149 4352 noctivagum,
1160 4286 1272 4338 Veneris
1282 4286 1328 4338 fax
1338 4285 1466 4351 pronuba,
1476 4285 1549 4336 Mars
1559 4283 1630 4334 Deus
1640 4284 1732 4343 audax,

974 4369 1119 4422 Mercurius
1132 4371 1248 4430 volucer,
1261 4370 1388 4422 nascendi
1398 4367 1521 4436 luppiter
1533 4373 1634 4418 auctor.

975 4453 1093 4505 Divisere
1104 4453 1224 4506 homines
1238 4453 1322 4505 stellas
1337 4467 1448 4519 qnoque,
1462 4458 1492 4502 ut
1504 4449 1625 4502 omnibus
1643 4449 1733 4509 insint,

975 4538 1111 4600 Saturnus,
1126 4538 1182 4599 Sol,
1194 4538 1279 4598 Luna,
1289 4538 1388 4596 Venus,
1398 4536 1480 4597 Mars,
1493 4534 1625 4600 luppiter,
1640 4533 1733 4584 Arcas.

973 4621 1095 4672 AEtlrerio
1107 4621 1182 4672 nobis
1196 4635 1309 4687 namque
1321 4621 1377 4670 haec
1387 4634 1404 4670 a
1415 4617 1516 4670 semine
1527 4625 1645 4669 manant.

975 4705 1063 4764 Ortus,
1075 4719 1133 4765 vor,
1147 4704 1273 4763 lacrima,
1288 4703 1367 4765 risus,
1380 4717 1468 4769 sopor,
1483 4701 1535 4765 ira,
1547 4701 1652 4766 cupido.

975 4790 1103 4840 Saturnus
1115 4788 1246 4850 lacrimam
1258 4788 1330 4839 Mars
1344 4787 1399 4851 ira3
1415 4785 1548 4853 Diespiter
1559 4791 1632 4835 ortus
1647 4797 1655 4834 ι

974 4873 1122 4925 Mercurius
1135 4887 1199 4936 vox;
1211 4873 1286 4923 Luna
1296 4885 1390 4938 sopor;
1404 4869 1542 4934 cythereia
1555 4867 1666 4934 cupido;

975 4957 1016 5007 sol
1029 4956 1112 5018 risus;
1127 4969 1189 5006 nam
1200 4956 1256 5006 sole
1268 4953 1347 5004 simul
1358 4952 1481 5004 mortalia
1494 4951 1574 5014 secla,

976 5039 1060 5091 omnis
1073 5047 1099 5090 et
1110 5037 1232 5090 immensi
1243 5039 1349 5089 laetatur
1363 5035 1486 5088 machina
1501 5035 1602 5088 mundi.

1615 5133 1641 5169 rr.
1656 5131 1734 5169 auor.
