3882 6080
1504 19 1938 450 Ἴ

1038 578 1104 634 Cum
1115 587 1206 638 autem
1219 585 1274 640 tuis
1286 563 1554 662 nondrimperceptis
1568 589 1659 648 verbis

1036 683 1109 724 mors
1120 670 1253 729 exciderit
1266 682 1440 746 prematura,
1456 693 1473 732 o
1487 677 1619 746 Verbum,

1036 765 1064 812 ct
1078 759 1231 831 sepulcrum
1240 779 1302 818 eum
1316 764 1476 837 comprimat
1491 773 1589 840 praeter
1599 785 1685 842 spem,

1036 861 1143 918 precem
1150 847 1330 907 miserabilem
1342 852 1402 926 ejus
1413 857 1610 929 quaeeoncepit
1621 873 1681 913 eum
1687 858 1793 933 accipe,

1036 943 1063 991 ct
1075 951 1136 991 sum
1152 944 1181 993 nl
1198 938 1394 996 benc-olentem
1408 942 1502 998 llorem
1516 943 1745 1020 insuper-accipe.

1289 1094 1348 1148 107.
1372 1091 1544 1150 EJUSDEM.

1239 1197 1267 1247 ln
1283 1198 1392 1248 alteram
1406 1199 1578 1265 [imaginem]¹

223 435 280 494 110
670 439 929 500 ANTHOLOGIAE
950 439 1100 502 GRAECAE
1119 445 1347 510 APPENDlClS

262 553 330 624 dart
343 565 373 624 δί
386 571 442 633 τοῖς
453 572 509 634 σοῖς
521 569 725 642 ἀκαταλήπτοις
737 572 831 649 λόγοις

193 658 207 704 5
262 655 377 720 θάνατος
390 651 517 734 ἐξίκοψεν
532 659 630 736 άωρος,
646 661 729 736 Λύγε,

260 747 308 800 καί
322 747 407 822 τάφος
422 745 504 800 αὐτόν
519 749 661 824 συγκροτεῖ
676 747 741 824 παρ’
763 745 872 822 ἐλπίδα,

260 829 354 904 δίησιν
369 835 476 910 οἰκτράν
491 836 541 903 τῆς
555 837 698 905 κυησάσης
712 833 808 914 δέχου,

259 923 307 976 καί
319 923 414 976 τοῦτον
436 923 471 984 ὡς
485 920 603 997 εὔοσμον
618 921 699 986 ἀνθος
712 921 879 1003 προσδέχου.

458 1073 526 1132 107.
555 1082 615 1130 τοι
628 1083 742 1132 οιτον.

464 1189 505 1244 Εἰς
517 1189 601 1255 ἑτέραν
618 1186 732 1252 [εἰεόνα].

257 1307 311 1362 Καί
325 1303 378 1374 ζῶν
393 1308 446 1382 ἐγώ
461 1326 501 1376 σε,
521 1310 631 1384 μάρτυς,
647 1304 797 1361 ἐπλούτουν
811 1307 925 1377 σκίπην,

256 1397 348 1472 χειρδς
362 1391 392 1450 δὲ
403 1398 454 1464 τῆς
463 1397 513 1464 σῆς
526 1396 574 1450 καί
592 1393 679 1449 θανὼν
694 1389 844 1470 ἐδεξάμην·

257 1485 289 1537 σὺ
305 1485 439 1560 σκορπιεῖς
456 1500 505 1558 μοι
516 1485 628 1557 πνεῦμα
640 1485 693 1536 πάν
708 1483 851 1558 πονηρίας,

255 1574 377 1648 πικρούς,
394 1573 516 1641 ἀπηνεῖς,
533 1569 668 1648 ψυχικούς
681 1566 839 1632 ύδοστάτας·

189 1669 203 1714 5
256 1661 288 1712 σύ
300 1662 349 1714 τού
363 1662 425 1722 νοός
439 1677 492 1734 μου
508 1660 614 1735 φωτιεῖς
625 1657 676 1727 τὴν
690 1655 817 1734 λυχνίαν.

256 1729 367 1822 1σχυρύς
377 1743 401 1800 εί
413 1747 448 1801 τά
458 1747 559 1810 πάντα,
575 1747 664 1800 πάντα
680 1746 813 1820 μοιγίνου

257 1837 429 1911 μαρτυρικοῖς
442 1835 542 1910 ἀγῶσιν
555 1833 755 1909 ίστομωμίνος.

1034 1319 1067 1375 Et
1078 1318 1172 1376 vivens
1186 1338 1238 1394 ego
1252 1327 1290 1384 to,
1305 1323 1394 1392 testis,
1407 1324 1582 1397 possidebam
1595 1317 1703 1399 tegmen
1719 1329 1748 1401 (ι’.
1767 1346 1793 1384 e.

1032 1424 1167 1481 manuque
1180 1415 1230 1465 tna
1243 1409 1324 1466 etiam
1336 1418 1459 1468 mortuus
1471 1412 1564 1486 accepi
1578 1431 1585 1468 :
1600 1415 1792 1488 [presidiuml

1032 1501 1061 1550 tu
1080 1494 1228 1570 dissipabis
1241 1497 1307 1553 mihi
1321 1497 1447 1571 spiritum
1461 1515 1567 1556 omnam
1585 1501 1702 1570 malitie,

1032 1581 1155 1652 acerbos,
1169 1583 1296 1652 immites,
1307 1585 1429 1642 carnales
1440 1585 1633 1657 insidiatores;

1031 1679 1062 1726 tu
1076 1670 1175 1727 mentis
1191 1689 1258 1728 mere
1272 1671 1437 1730 illuminabis
1449 1675 1655 1733 candelabrum.

1031 1757 1145 1814 Validus
1159 1775 1189 1815 es
1203 1759 1238 1815 ad
1251 1759 1350 1829 omnia,
1363 1761 1453 1817 omnia
1464 1760 1532 1817 mibi
1545 1762 1607 1830 fias,

1032 1845 1155 1920 martyrii
1169 1846 1362 1904 certaminibus
1376 1847 1529 1904 induratus.

450 1993 517 2050 108.
539 1990 757 2050 ΑΔΕΣΙῙΟΤΟΝ.
1280 2007 1342 2061 108.
1365 2004 1547 2062 ANONYMI.

1031 2133 1139 2192 Christe
1154 2152 1211 2202 rex,
1231 2135 1372 2209 sapientia
1390 2144 1443 2194 tum
1460 2137 1579 2210 vestigia
1592 2154 1645 2193 non
1660 2155 1792 2210 queram,

1065 2239 1129 2279 ossa
1143 2231 1232 2280 autem
1244 2215 1350 2280 ¹utinam
1364 2242 1399 2280 ex
1408 2225 1475 2282 Asia
1487 2225 1596 2281 numine
1608 2231 1654 2280 tuo
1664 2224 1793 2292 reducas,

1029 2311 1146 2383 qualiter
1157 2309 1219 2367 olim
1233 2328 1266 2367 ex
1281 2312 1404 2385 AEgypto
1418 2312 1458 2368 tui
1472 2311 1565 2368 famuli
1581 2311 1696 2384 loseph,

1063 2397 1166 2456 utinam
1181 2406 1209 2456 et
1225 2400 1378 2457 celestibus
1392 2401 1510 2456 animam
1525 2400 1580 2456 tuis
1595 2399 1725 2456 sedibus!

215 2125 309 2203 Χριστὲ
323 2119 401 2192 ἄναξ,
419 2125 515 2200 σοφίης
527 2125 577 2192 σῆς
588 2123 665 2199 ίχνια
679 2123 711 2177 ού
729 2125 882 2198 μαστεύσω,

254 2215 335 2269 derio
346 2209 370 2267 δ’
386 2215 421 2276 ὡς
434 2196 518 2283 λσίης
530 2215 647 2287 νεύμασι
662 2214 718 2276 σοῖς
733 2213 855 2288 ἀνάγοις,

215 2301 259 2357 οἶκ
273 2304 334 2379 πρίν
349 2295 377 2366 ii
387 2301 524 2376 Αἰγύπτου
538 2303 587 2356 σού
603 2297 766 2376 θεράποντος
780 2285 882 2376 1ωοηφ,

255 2397 289 2458 ὡς
304 2391 332 2448 tt
345 2395 392 2448 καί
404 2393 541 2470 οὐρανίοις
554 2395 664 2467 πνεῦμα
679 2393 764 2447 τεοῖσι
778 2388 892 2468 θρόνοις.

499 2550 566 2609 109.
584 2557 681 2608 sano.

399 2665 443 2720 Ὦς
456 2664 485 2714 ἐκ
497 2661 542 2712 τοῦ
556 2663 627 2726 ἀγίον
640 2665 792 2726 Δημητρίου.

1323 2557 1383 2610 roo.
1403 2563 1500 2606 aaron.

1151 2659 1232 2718 Quasi
1241 2659 1409 2725 ipsodicente
1421 2669 1511 2711 sancto
1524 2661 1666 2712 Demetrio.

216 2791 331 2864 Φεύγετε
346 2787 496 2864 ῥομφαίαν,
509 2785 557 2840 καὶ
571 2780 699 2858 δαίμονες
711 2777 786 2836 ἀλλα
799 2799 827 2836 τε
843 2779 927 2858 φύλα,

252 2877 287 2945 ἢν
304 2873 395 2951 βάψας
407 2875 495 2952 poplo
507 2871 607 2948 αίμασι
617 2871 673 2933 τοῖς
684 2865 773 2934 ἰδίοις.

1028 2783 1126 2858 Fugite
1141 2784 1272 2858 gladium,
1284 2792 1312 2842 et
1326 2786 1464 2842 demones
1478 2786 1592 2860 aliaque
1605 2794 1714 2856 gentes,

1097 2891 1176 2948 quem
1190 2874 1304 2931 tinctum
1319 2873 1429 2948 proprio
1444 2873 1578 2948 sanguine
1594 2876 1662 2932 lero.

499 3029 567 3089 110.
587 3037 686 3087 nano.
1319 3036 1380 3090 llo.
1400 3043 1498 3086 amun.

333 3154 374 3207 Εἰς
389 3152 430 3201 τὸν
448 3152 516 3216 ἀγιον
533 3153 659 3220 Θεόδωροι
678 3152 722 3203 τὸν
737 3151 849 3218 Τύρωνα.
1173 3150 1203 3200 ln
1215 3148 1303 3200 divum
1317 3149 1484 3200 Theodorum
1498 3150 1636 3214 Tyronem.

1027 3286 1171 3343 Ellamma
1188 3284 1216 3340 in
1229 3283 1316 3341 lucem
1334 3283 1488 3352 cucurristi,
1503 3301 1524 3340 e.
1537 3285 1608 3341 sama
1624 3285 1659 3341 ad
1677 3293 1791 3354 neclan

1061 3391 1076 3430 e
1090 3389 1199 3430 carcere
1213 3371 1241 3428 in
1255 3372 1408 3446 penetralia
1420 3371 1565 3430 cucurristi
1576 3373 1705 3439 celestia,

1026 3459 1195 3519 etormentis
1214 3459 1321 3516 acerbis
1339 3460 1372 3515 ad
1389 3458 1500 3532 praemia
1519 3467 1547 3517 et
1562 3459 1721 3536 incorrupta
1739 3463 1790 3520 de·

1061 3549 1224 3622 imperatore
1236 3546 1339 3616 relicto,
1347 3546 1439 3602 vidisti
1449 3563 1542 3619 regem
1551 3565 1688 3616 magnum.
1698 3551 1788 3623 [eorm

1027 3635 1071 3692 Sic
1083 3643 1111 3692 et
1125 3652 1167 3692 me
1181 3634 1321 3692 laboribus
1336 3641 1363 3690 et
1377 3632 1498 3690 molestis
1512 3633 1596 3704 curis,

1028 3731 1057 3780 ut
1068 3724 1177 3779 lornano
1192 3729 1220 3779 et
1233 3739 1342 3779 carcere
1353 3728 1381 3777 et
1392 3721 1535 3778 tormentis
1549 3723 1674 3796 fameque

1027 3819 1054 3868 at
1065 3811 1209 3868 Pharaone
1223 3809 1353 3866 malevolo
1367 3808 1481 3876 eximas,
1496 3817 1610 3884 martyr,
1696 3812 1787 3884 [lecitz

1026 3897 1159 3954 infelicem
1173 3897 1221 3971 qui
1234 3913 1295 3954 saro
1309 3895 1432 3970 quamvis
1450 3903 1479 3952 et
1498 3896 1526 3952 in
1548 3915 1621 3954 sara
1644 3907 1789 3957 senectute

1026 3985 1117 4060 qualia
1135 4003 1234 4060 passus
1264 3984 1382 4059 propriis
1405 3983 1553 4040 virtutibus
1573 3984 1788 4052 crimen-infert,

1225 4146 1286 4198 ιιι.
1302 4142 1377 4198 nivi
1395 4139 1589 4200 nuncnune
1689 4073 1786 4146 [Μ’

214 3269 252 3339 lia
268 3281 369 3360 φλογὸς
383 3283 409 3346 ίς
425 3285 480 3360 φῶς
496 3280 620 3360 ἔδραμες,
638 3283 669 3338 ἐκ
684 3280 769 3358 λιμοῦ
786 3281 849 3337 ποτὶ
861 3283 968 3358 νίκταρ·

251 3367 280 3435 ἐξ
294 3372 401 3448 εἱρκτῆς
414 3367 556 3446 θαλάμους
570 3367 686 3446 ίδραμες
698 3371 851 3447 οὐρανίους,

213 3462 242 3513 ἐκ
258 3457 382 3532 βασάνων
396 3460 498 3536 πικρῶν
511 3457 571 3513 ποτ’
588 3455 675 3513 ἀεθλα
689 3459 737 3513 καί
752 3454 853 3534 άφθιτα
864 3454 968 3527 κάλλη·

250 3549 376 3624 κοίρανον
393 3543 573 3623 ἀκτρολιπύν,
593 3541 661 3610 εἶδες
675 3545 779 3601 ἄνακτα
793 3547 889 3620 μέγαν.

184 3643 197 3689 5
213 3616 262 3690 ίλδ*
279 3635 328 3710 ἐμὲ
341 3635 388 3688 καί
399 3636 529 3710 καμάτων
541 3635 589 3688 καὶ
602 3631 744 3710 ἀργαλέων
759 3630 929 3708 μελεδωνῶν,

213 3728 248 3788 ὡς
261 3725 377 3798 καμίνου
392 3723 439 3777 καί
450 3723 556 3799 εἱρκτῆς
569 3722 616 3775 καί
635 3719 758 3796 βασάνων
772 3719 858 3796 λιμού
873 3739 901 3775 τε

213 3813 259 3866 καί
275 3811 376 3886 Φαραὼ
391 3807 577 3886 κακομητιδος
591 3804 750 3886 ίΕερύσειας,
770 3812 881 3886 μάρτυς,

214 3897 349 3976 δύσμορον
365 3897 416 3974 ddi
427 3917 477 3975 περ
490 3899 519 3961 nr
532 3899 579 3952 καί
591 3899 618 3952 ἰν
631 3898 697 3973 ὠμῷ
711 3899 797 3973 γήραϊ
810 3895 903 3966 θῆκεν·

214 3985 258 4042 οἷα
272 3985 365 4042 παθὼν
377 3984 456 4050 ίδίοις
469 3983 582 4063 ἀγαθοῖς
594 3986 776 4062 ἐπιμέμφεται
790 3981 879 4044 olcus.

352 4147 418 4203 111.
434 4143 501 4201 ΤΟΥ
518 4142 618 4199 Alton
637 4142 833 4202 ΘΕΟΔΩΡΟΥ.

214 4283 350 4355 Ούτιδανλ
360 4287 420 4362 χείρ
434 4287 517 4362 νεῦρα
527 4281 550 4339 δ’
562 4285 728 4360 ἀιτίτμαγεν,
742 4286 769 4338 οἱ
780 4280 810 4339 δέ
825 4281 854 4362 μ’
863 4286 889 4350 ἀς
899 4283 971 4342 ἀθλα
1026 4283 1094 4342 Vilis
1108 4299 1204 4339 manus
1218 4298 1316 4338 nervos
1326 4279 1456 4349 abscidit3
1471 4279 1509 4336 illi
1524 4286 1614 4336 aulem
1623 4295 1667 4335 me
1681 4279 1707 4334 in
1722 4297 1786 4335 oer-

213 4375 240 4428 ἐν
255 4370 373 4436 σταδίοις
386 4370 517 4428 καλίουσι
529 4373 596 4443 νίοι,
612 4372 659 4426 καί
673 4371 768 4426 ίσταιιε
781 4374 871 4428 πάντα
1658 4367 1785 4434 [lamina.

213 4459 303 4537 δῆμος
327 4459 392 4524 ύλος
417 4457 615 4537 φιλοκίρτομος
641 4455 776 4537 [ίχθιστ’],
812 4461 837 4523 ἐς
868 4457 894 4516 δ’
920 4462 969 4538 ἐμὲ
1024 4461 1051 4515 in
1065 4457 1206 4516 curriculis
1218 4457 1451 4529 vocantjuuenes,
1469 4461 1497 4512 et
1511 4453 1608 4512 statuit
1621 4452 1711 4510 omnia

836 4544 970 4624 [γλώσσας
1024 4546 1140 4621 populus
1168 4551 1242 4602 totns
1264 4543 1476 4600 contumeliosus
1499 4539 1717 4616 [inimicissima],
1741 4539 1786 4596 in-

210 4636 307 4713 πικράς
321 4635 486 4701 ἐντανύουσι,
503 4635 550 4690 καὶ
566 4633 680 4710 ὄμματα
695 4636 778 4712 μυρία
791 4631 872 4700 λοξά.

1534 4631 1597 4702 [que
1614 4645 1656 4685 me
1670 4627 1786 4702 linguas

181 4707 288 4779 alltc
311 4722 350 4798 γ’,
373 4723 439 4799 ἀμὸν
458 4725 566 4801 κράτος,
587 4719 675 4793 ἵλαθι,
701 4725 799 4800 μάρτυ,
820 4725 866 4777 καὶ
881 4723 965 4779 darec
1021 4719 1134 4778 acerbas
1148 4717 1300 4786 intendunt,
1317 4725 1344 4773 et
1360 4716 1451 4773 oculos
1472 4715 1628 4772 innumeros
1642 4715 1783 4790 obliquos.

866 4807 967 4890 [χειρὸς
1020 4807 1075 4866 Sed
1095 4825 1111 4864 o
1137 4823 1226 4863 meum
1249 4805 1341 4874 robur,
1368 4803 1503 4878 propitius
1527 4803 1592 4874 llas,
1612 4811 1727 4878 martyr,
1751 4815 1788 4864 et

210 4893 355 4976 δεξιτερῆς,
371 4895 467 4954 ἰθύνων
483 4895 524 4953 ἐπ’
541 4895 627 4952 ἀεθλα
639 4899 688 4952 καὶ
702 4897 790 4972 ἄλγεα
804 4901 909 4958 παύων.

1564 4892 1686 4964 [sumpta
1697 4908 1784 4947 manu

209 4983 305 5050 Οἶσθα,
325 4987 426 5064 μάκαρ,
442 4989 580 5062 κίκμηκα·
600 4985 733 5050 τανίλαος
747 4983 807 5041 ἐλθὲ
827 4984 964 5048 καλεῦντι,
1020 4983 1142 5050 dextera,
1157 4997 1201 5036 me
1217 4996 1298 5052 regas
1316 4978 1343 5034 in
1361 4976 1517 5046 certamina,
1534 4985 1562 5034 et
1576 4977 1784 5036 calamitatibus

1538 5063 1781 5138 [linem-imponas.

1020 5156 1108 5228 Nosti,
1135 5158 1229 5226 beate,
1257 5153 1395 5224 laboravi;
1418 5152 1689 5228 omnino-propitius
1713 5155 1781 5210 reni

1640 5242 1778 5314 [vocanti.
