3882 6080
749 401 1005 464 ANTHOuoulAE
1026 400 1176 460 GRAECAE
1197 401 1422 461 APPENDIGIS

546 541 594 597 30.
616 546 676 596 ΤΟΥ
689 544 800 593 ΑΠΟΥ.

532 653 695 718 Ἀριστοδήμῳ
710 651 812 717 βασιλεῖ.

295 777 357 839 Τοῖς
370 771 497 850 τρίποδας
511 773 572 850 περί
588 769 681 846 βωμόν
694 755 823 848 ίδωράτορ
834 771 877 825 Διί
888 771 1004 846 πρώτοις

297 863 424 930 στήσασιν
439 856 559 914 δεκάδων
572 857 688 936 ἀριθμόν
704 855 743 920 δὶς
756 860 844 928 πέντε,
859 853 953 911 δίδωσι

297 944 344 1004 σὺν
358 945 434 1004 κύδει
445 945 571 1022 πολέμου
584 950 666 1022 γαῖαν
680 947 706 1001 ll
714 941 838 1016 ,ισηνίδα
853 941 969 1018 δαίμων.

297 1039 360 1098 Ζεὺς
371 1037 424 1113 γάρ
435 1034 519 1090 ίνευσ’
530 1033 624 1097 οίίτως.
636 1019 672 1088 ri*
680 1052 730 1104 ..τη
745 1029 775 1087 δέ
787 1050 816 1088 σε
823 1029 923 1110 πρόσθε
936 1027 1053 1100 clipeo,

272 1125 315 1192 bil
330 1123 353 1179 τ’
369 1125 454 1179 όπίσω
466 1123 533 1185 τίσις
547 1122 610 1176 ἐστί.
625 1125 674 1180 ’,αἱ
688 1122 720 1176 οὐ
735 1117 796 1175 θεόν
811 1115 980 1194 ἐξαπατῴης.

297 1197 373 1290 lipt',
390 1212 464 1280 όπιιη
479 1211 510 1264 τό
524 1211 628 1286 χρί..’
649 1209 700 1278 ἄτη
722 1205 860 1264 δ’ἄλλοισι
876 1208 929 1286 πρό
949 1205 1052 1263 ἄλλων.

552 1367 600 1427 31.
622 1377 684 1424 sor
694 1375 800 1424 emor.

594 1481 766 1548 Ἀριστοδήμῳ.

298 1617 385 1684 Kale<
398 1639 441 1676 σοι
454 1617 589 1695 πολέμοιο
605 1615 678 1674 διδοῖ
688 1616 758 1683 θεός·
775 1614 840 1672 ἀλλ’
855 1619 985 1673 ἀπάταισι

297 1705 401 1787 φράζου
418 1709 457 1784 μὴ
474 1709 599 1784 Σπάρτης
613 1704 705 1770 δόλιος
719 1705 804 1783 λόχος
818 1703 914 1783 ἐχθρός
928 1703 1031 1782 ἀνίλδῃ

296 1799 439 1874 κρείσσων·
455 1797 478 1850 εί
491 1795 543 1873 γάρ
558 1779 629 1873 Ᾰρης
643 1797 736 1849 ιιιίνιιν
752 1795 853 1872 εὐήρεα
867 1797 966 1870 τιόχη,

297 1975 344 2028 καί
355 1993 384 2028 τε
397 1975 487 2050 χορῶν
503 1973 667 2048 στεφάνωμα
689 1973 801 2047 πικροὺς
821 1971 966 2048 οἰκήτορας
986 1966 1052 2044 ἕξει,

271 2063 347 2127 ,σιῶν
362 2057 412 2115 δύο
425 2061 577 2136 συντυχίαις
589 2059 705 2136 κρυπτὸν
719 2056 804 2135 λόχον
818 2054 1012 2124 ίξαναδόντων.

298 2238 337 2293 Οὐ
351 2235 464 2315 πρόσθεν
480 2233 508 2292 δὲ
523 2235 601 2300 τέλος
611 2233 670 2290 τόδ’
686 2235 818 2311 ἐπόψεται
831 2234 901 2314 ίιρόν
913 2232 1004 2313 ἦμαρ,

297 2336 357 2412 πρὶν
371 2335 405 2388 τά
422 2327 636 2410 παραλλάξαντα
651 2335 728 2408 φύσιν
741 2333 773 2386 τό
787 2333 874 2410 χρεὼν
888 2333 1031 2409 ἀφίκηται.

546 2491 594 2548 31.
616 2500 678 2548 τοι
691 2500 799 2548 seros.

603 2613 747 2662 Τιλεσίιιλιι.

297 2717 426 2809 Ᾰγγειλον
441 2733 562 2808 Παρίοις,
578 2730 759 2804 Τελεσίκλιις,
777 2731 813 2796 ὥς
826 2752 855 2788 σε
869 2731 972 2788 ιιιλιύω

296 2824 370 2896 νήσῳ
386 2822 413 2875 ἐν
428 2803 512 2898 ίίερίῃ
526 2815 623 2885 κτίζειν
638 2817 773 2874 εὐδείελον
789 2821 866 2876 doru.

546 2979 594 3036 33.
616 2986 798 3040 ueremur.

565 3093 774 3156 Λακεδαιμονίοις.

297 3213 336 3269 Οὔ
351 3232 380 3269 σε
397 3217 489 3292 μάχης
505 3219 587 3291 μόνον
602 3212 657 3292 ίργ’
672 3215 779 3290 ίιρίπιιν
792 3215 854 3290 χερί
868 3209 968 3276 Φοίόος
980 3213 1053 3268 άνω-

297 3389 361 3445 ἀλλ’
376 3392 468 3468 ἀπάτῃ
486 3392 533 3467 μίν
551 3391 608 3467 ἔχει
622 3389 699 3445 λείαν
715 3386 877 3460 Μεσσηνίδα
890 3387 968 3477 λαός,
983 3298 1051 3379 [γωδ

296 3547 353 3631 ταῖς
367 3565 391 3622 δ’
407 3570 500 3632 αὐταῖς
510 3569 644 3643 τίχναισιν
658 3565 794 3621 άλώσεται
812 3562 907 3644 αίσπιρ
920 3561 1050 3643 ὑπῆρξεν.

584 3908 625 3955 33.
643 3920 764 3956 asnensis.

550 4025 711 4075 Aristodemo
725 4025 790 4090 rapi.

294 4156 398 4208 Primus
410 4152 527 4205 lthomaai
538 4152 655 4217 tripodas
669 4153 766 4203 circum
779 4151 852 4203 iovis
864 4155 936 4203 aram

294 4239 337 4304 qui
350 4245 446 4288 statuet
457 4236 542 4286 decies
553 4235 642 4292 denos.
655 4249 714 4285 cum
725 4235 802 4284 laude
814 4234 912 4284 tenebit

293 4323 444 4381 Messanam
459 4318 485 4368 id
498 4316 568 4368 enim
581 4317 653 4367 Jovis
666 4316 828 4366 immutabile
839 4332 935 4366 numen

293 4404 415 4455 decrevit.
430 4402 482 4452 Sed
496 4409 521 4452 te
535 4401 606 4451 fraus
619 4407 752 4466 promovet
767 4405 822 4450 arte
834 4398 934 4462 dolosa,

294 4497 319 4540 et
332 4495 392 4554 poet
404 4486 469 4536 ultio
481 4485 529 4535 erit
544 4499 550 4534 ι
562 4499 610 4534 nec
621 4483 713 4534 fallere
727 4483 834 4532 numina
845 4483 939 4548 possis.

294 4575 346 4624 ileo
359 4578 389 4622 ut
402 4570 456 4621 leta
464 4569 554 4618 volunt
566 4584 573 4617 ε
588 4582 656 4617 nunc
665 4567 723 4628 bos,
733 4581 801 4616 nuno
809 4581 866 4616 sors
877 4565 971 4630 premit
981 4566 1048 4617 illos.

779 4665 843 4699 nen.
859 4664 938 4700 essse.
951 4665 1049 4700 annun.

579 4780 618 4827 31.
637 4791 760 4828 arumnis.

587 4887 757 4938 Aristodemo.

292 5013 360 5062 Ecce
371 5015 459 5059 manet
472 5007 525 5057 ieto
539 5004 611 5070 longi
625 5011 650 5055 te
666 5005 750 5068 gloria
764 5005 825 5056 belli
839 5022 845 5056 ι

293 5105 319 5146 st
331 5095 462 5158 Spartana
473 5089 586 5156 phalanx
599 5103 631 5137 ne
645 5087 732 5138 vincat
745 5089 845 5147 fraude,
858 5096 958 5140 cereto.

293 5179 360 5229 Nem
372 5177 437 5226 bene
448 5179 584 5238 compacta
597 5170 701 5221 illorum
714 5171 735 5222 si
751 5187 812 5222 vasa
826 5173 920 5222 babeat
934 5173 1014 5233 Mare,

1385 539 1429 595 ³0.
1450 546 1592 590 mussan.

1367 641 1533 692 Aristodemo
1551 641 1617 706 regi.

1109 775 1222 849 illisqui
1235 776 1359 850 tripodas
1370 775 1471 832 circum
1486 793 1560 832 aram
1571 775 1693 832 lthomaei
1702 775 1778 831 Jovis
1789 773 1861 848 primi

1108 863 1260 937 posuerint,
1276 863 1362 920 denos
1376 862 1420 919 bis
1434 862 1553 936 quinque
1570 879 1693 930 numero,
1709 861 1757 918 dat

1108 967 1169 1005 cum
1182 949 1263 1006 laude
1276 949 1340 1006 belli
1354 957 1454 1007 terram
1468 950 1633 1006 Messeniam
1648 949 1726 1006 deus.

1108 1039 1215 1114 Jupiter
1228 1039 1300 1096 enim
1314 1040 1354 1098 ita
1365 1041 1563 1098 annuitliraus
1576 1046 1667 1096 autem
1677 1047 1705 1096 te
1714 1047 1861 1114 promovet,
1926 1037 1927 1082 l

1108 1135 1136 1184 et
1150 1137 1247 1202 postea
1259 1127 1326 1186 ultio
1340 1135 1392 1198 est,
1406 1135 1435 1186 et
1449 1129 1530 1185 deum
1544 1145 1599 1184 non
1614 1127 1707 1184 iniere
1721 1127 1824 1201 possis.

1109 1214 1173 1282 Fac,
1188 1231 1243 1288 qua
1256 1231 1367 1272 necesse
1383 1221 1424 1273 est
1445 1231 1452 1270 ι
1472 1214 1654 1287 damnumque
1672 1213 1791 1270 diseat
1808 1223 1861 1267 ante

1778 1300 1860 1373 [alios.

1384 1392 1427 1446 31.
1447 1399 1591 1443 musone.

1399 1496 1575 1547 Aristodemo.

1107 1631 1228 1690 Laudem
1241 1629 1292 1686 tibi
1304 1630 1366 1686 belli
1380 1631 1511 1688 datdeus
1526 1647 1534 1686 ι
1549 1629 1598 1687 sed
1613 1629 1755 1686 fraudibus

1108 1737 1172 1777 cave
1191 1735 1225 1774 ne
1248 1718 1354 1791 Sparte
1367 1719 1490 1776 dolosum
1511 1735 1609 1792 agmen
1621 1717 1759 1773 inimicum
1774 1716 1861 1772 redeat

1108 1804 1247 1863 validius:
1266 1802 1364 1859 etenim
1386 1805 1409 1860 si
1428 1805 1503 1860 Mara
1521 1803 1628 1860 illorum
1645 1801 1861 1874 benecompnota

1783 1889 1861 1961 [arms

1108 1989 1136 2040 et
1146 1984 1205 2059 jam
1219 1985 1364 2042 chororum
1379 1996 1481 2038 corona
1498 1978 1612 2036 acerbos
1625 1976 1729 2034 incolas
1742 1974 1859 2040 hebebit,

1108 2087 1168 2127 cum
1180 2072 1234 2129 duo
1247 2072 1511 2129 uno-fortune-oaeu
1519 2083 1553 2121 ex
1563 2063 1677 2122 occultis
1686 2063 1795 2120 insidiis
1809 2080 1861 2118 ern-

1756 2149 1859 2222 [periut.

1107 2245 1163 2302 Sed
1176 2261 1230 2302 non
1245 2247 1321 2319 prius
1330 2247 1401 2300 hunc
1414 2241 1494 2297 linem
1505 2239 1610 2296 videbit
1624 2255 1703 2295 saera
1716 2237 1787 2304 dies,

1107 2349 1188 2407 quam
1198 2349 1258 2407 quas
1267 2336 1433 2390 commutant
1442 2335 1567 2384 naturam
1577 2326 1612 2382 ad
1625 2325 1860 2399 id·quod-opos·tet

1734 2411 1857 2486 [veniant.

1383 2507 1426 2562 tt.
1446 2511 1592 2556 asnensis.

1422 2615 1554 2668 Telesicli.

1107 2746 1212 2804 Nuncia
1226 2745 1325 2814 Pariis,
1340 2741 1494 2810 Telesicles,
1507 2758 1550 2796 me
1565 2739 1615 2796 tibi
1624 2739 1722 2813 jubere

1107 2842 1138 2892 ut
1149 2833 1237 2890 insula
1255 2833 1283 2890 in
1298 2831 1380 2889 Aeria
1394 2830 1496 2886 condas
1510 2829 1685 2902 conspicuam
1700 2827 1804 2882 urbem.

1381 2990 1425 3043 33.
1445 2996 1590 3040 assensu.

1378 3091 1594 3144 Lacedaemoniis.

1105 3224 1166 3280 Non
1185 3231 1212 3280 te
1228 3237 1327 3294 pugne
1345 3225 1451 3276 tuntum
1469 3235 1539 3294 opus
1556 3218 1633 3276 obire
1648 3235 1731 3274 mann
1745 3217 1858 3274 Phoebus

1105 3396 1154 3454 ead
1171 3394 1265 3452 fraude
1279 3393 1388 3466 quidem
1403 3393 1489 3449 habet
1503 3393 1620 3466 praedam
1637 3305 1860 3464 Messenifflii'

1761 3479 1859 3550 [pulum

1105 3569 1201 3627 iisdem
1210 3575 1245 3626 -ct
1258 3567 1363 3625 artibus
1378 3567 1510 3640 capietur,
1525 3567 1625 3640 quibus
1641 3566 1858 3640 prior-usus-est.

1105 3917 1201 3953 saevnm
1215 3901 1386 3951 habitatorem
1400 3901 1465 3950 ieret
1479 3901 1534 3950 alta
1547 3915 1645 3950 corona
1657 3901 1807 3958 chororum,

1105 4001 1183 4051 quum
1198 3983 1293 4048 gemini
1307 3999 1320 4033 e
1335 3983 1443 4034 latebris
1455 3991 1592 4048 erumpent
1604 3983 1670 4033 sorte
1683 3985 1731 4032 sub
1744 3997 1831 4033 auras.

1105 4069 1160 4118 Nec
1175 4067 1245 4132 prins
1259 4073 1379 4117 eventum
1395 4081 1482 4116 rerum
1496 4069 1539 4115 lux
1554 4066 1624 4116 alma
1635 4065 1742 4125 videbit.

1105 4167 1191 4216 quam,
1204 4165 1262 4216 quse
1274 4159 1333 4201 snnt
1341 4157 1433 4199 contra
1445 4155 1576 4208 naturam,
1588 4149 1644 4198 baec
1657 4149 1750 4198 ordine
1763 4149 1859 4198 cedant.

1742 4247 1772 4282 R·
1786 4247 1859 4280 Altae.

1390 4325 1430 4373 32.
1448 4338 1572 4374 musonis.

1423 4423 1544 4473 Talesicli.

1104 4535 1124 4594 Ι,
1140 4533 1283 4598 Pariosque
1298 4547 1384 4591 mone,
1399 4531 1550 4592 Telesicles‚
1566 4531 1672 4582 numine
1684 4545 1787 4588 nostro,

1104 4615 1190 4666 insula
1203 4615 1230 4666 in
1244 4615 1326 4666 Aeria
1338 4615 1475 4665 sublimem
1490 4615 1595 4665 sedibus
1608 4617 1700 4665 urbem

1104 4699 1214 4749 condere
1232 4705 1256 4748 te
1266 4697 1378 4764 jussum.
1754 4711 1862 4748 rn.v1o.

1390 4817 1430 4864 33.
1449 4830 1571 4866 asusnsu.

1103 4927 1162 4976 Non
1176 4925 1268 4975 Martis
1283 4931 1383 4974 tantum
1397 4925 1489 4974 suadet
1504 4924 1549 4974 tibi
1562 4939 1672 4974 munera
1683 4925 1803 4974 Phoebus
1819 4939 1825 4972 :

1103 5016 1162 5060 astu
1174 5015 1251 5073 capta
1263 5005 1312 5057 luit
1325 5007 1456 5072 quondam
1470 5006 1602 5058 Messenia
1616 5007 1703 5064 tellus,

1104 5093 1190 5158 prisca
1202 5091 1291 5142 fraude
1306 5105 1371 5141 novo
1385 5105 1475 5141 rursus
1487 5089 1604 5155 capietur
1618 5091 1651 5140 ab
1666 5091 1754 5139 hoste.

1700 5187 1773 5224 non.
1789 5188 1860 5223 anns.
