3866 6016
231 402 312 460 sot.
624 475 627 482 Ι
682 393 943 454 ANTHOLOGIAE
964 390 1116 452 uuAEuAE
1138 393 1367 454 APPllNDlClS

230 532 356 590 ἐκέλευσέ
367 532 391 588 τ’
407 533 444 596 είς
456 531 487 587 rt
500 531 590 586 κοινὸν
608 531 738 605 εἰσφέρειν
755 525 808 583 dle
1049 533 1187 607 jussitque
1202 533 1385 590 incommune
1400 533 1491 590 afferri
1503 533 1594 592 omnin

230 625 265 680 τὰ
273 621 398 702 χρήματ’
414 617 524 700 ἄνδρας·
539 620 575 682 ὣς
587 615 728 696 κεκρίσθαι
740 619 797 680 τοῖς
809 621 915 694 νόμοις.
1017 688 1019 694 Ι
1052 622 1125 678 bona
1139 639 1156 678 a
1168 621 1250 691 viris;
1266 621 1305 678 ita
1319 622 1458 680 decretum
1471 640 1536 680 esse
1549 623 1667 698 legibus.

490 771 539 830 87.
561 778 744 827 Termor.
1246 805 1248 808 -
1333 776 1376 828 et.
1397 783 1543 826 arusnnu.

231 887 387 973 θκκλησίας
408 901 502 971 οθοης,
526 903 723 978 παραγένονταί
734 921 803 966 τινες
905 954 907 958 .
1055 905 1156 961 Habita
1167 889 1306 974 concidite,
1318 905 1467 963 adveniunt
1481 906 1592 979 quidam

230 994 306 1070 παρά
319 1010 348 1046 τε
362 988 510 1062 Βασιλέως,
527 991 575 1045 καί
589 991 666 1067 παρὰ
681 989 831 1052 Σιτάλκους
844 987 938 1044 πάλιν·
1022 1058 1023 1062 ¹
1055 993 1165 1068 allego
1181 1001 1209 1050 et
1218 982 1258 1049 ¹ab
1273 993 1374 1051 Sitalce
1387 1011 1498 1050 rursum
1513 1009 1521 1051 :

230 1083 259 1136 οί
281 1081 476 1157 μέν-στρατιὰν
492 1080 613 1156 ἄγοντες,
630 1079 656 1134 οί
671 1075 700 1134 δέ
713 1081 838 1156 χρυσίον.
1057 1081 1085 1138 bi
1095 1081 1205 1156 quidem
1216 1081 1364 1140 exercitum
1373 1083 1556 1152 adducentes,
1571 1081 1834 1140 illiautemaurnm.

232 1171 312 1248 Παρὰ
324 1165 619 1244 τῶνΛακεδαιριονέων
635 1163 664 1222 δέ
682 1169 752 1244 μετὰ
767 1171 881 1231 τούτους
894 1168 963 1230 τινὲς
1057 1173 1081 1228 Α
1096 1170 1309 1240 Lacedaemoniis
1323 1177 1388 1246 post
1399 1171 1468 1228 istos
1482 1171 1594 1246 quidam

210 1255 351 1323 ἐσπονδὰς
364 1259 488 1334 φέροντες
500 1276 508 1292 ·
526 1252 574 1321 οὓς
587 1239 719 1334 Ᾰχαρντῑς
733 1253 865 1333 οὐδαμῶς
1024 1245 1026 1252 ’
1058 1260 1148 1317 roeaus
1162 1260 1282 1316 ferentes
1296 1277 1385 1334 τηοσε
1399 1259 1541 1316 Acbames
1555 1276 1727 1334 nequequam

234 1347 339 1418 εἴασαν,
355 1344 419 1402 ἀλλ’
434 1340 575 1410 ἐξέθαλον·
593 1340 630 1398 ὧν
644 1343 815 1401 καθάπτεται
1059 1349 1158 1420 sirene,
1170 1349 1219 1406 sed
1231 1349 1371 1424 ejecerunt
1384 1367 1392 1405 t
1407 1365 1478 1424 quos
1489 1349 1613 1406 adoritur

234 1433 386 1514 σκληρῶςύ
400 1437 530 1504 ποιητής.
545 1433 616 1489 Αύτδ
631 1433 663 1489 τύ
678 1432 810 1512 ψήφισμά
824 1453 853 1489 τε
1020 1433 1024 1440 “
1059 1435 1188 1496 atrociter
1200 1445 1293 1520 poeta.
1311 1438 1405 1512 Ipsum
1419 1437 1614 1512 decretumque

234 1525 387 1602 Μεγαρικὸν
400 1523 578 1600 treverensi
591 1521 697 1576 καὶτὸν
712 1520 857 1600 Περικλέα,
1060 1526 1228 1601 Megaricum
1243 1526 1311 1583 satis
1325 1526 1454 1600 designat
1466 1532 1494 1582 et
1503 1525 1648 1593 Periclem,

235 1616 287 1669 οὐκ
298 1615 352 1667 τῶν
363 1612 499 1669 Λακώνων
514 1606 599 1666 τῶνδε
611 1612 719 1666 πάντων
732 1611 829 1682 α’ίτιον,
1060 1615 1107 1689 qui
1116 1619 1189 1672 venit
1198 1633 1215 1672 a
1225 1613 1448 1683 Lacedaemoniis,
1461 1614 1558 1671 horum
1572 1613 1691 1670 emnium
1706 1631 1805 1680 causa,

197 1710 225 1758 1⁰
236 1697 364 1774 σπονδάς,
379 1697 458 1756 λύσιν
472 1719 501 1755 τε
514 1701 567 1754 τῶν
583 1698 738 1776 ἐφεστώτων
753 1702 856 1759 κακῶν.
1024 1770 1026 1774 y
1060 1705 1177 1774 laedere,
1193 1703 1410 1776 solutionemque
1423 1700 1621 1759 imminentium
1631 1700 1777 1758 melorum.

1032 1791 1034 1829 ι

493 1825 542 1907 88.
564 1857 745 1906 aermon.
834 1874 839 1884 ·
1326 1857 1383 1912 ·88‚
1403 1864 1549 1908 rsusnnu,

238 1985 361 2061 Παράγει
374 1982 435 2038 τινὰ
449 1979 575 2054 Κλέωνα,
592 1981 639 2038 τθν
654 1979 828 2058 καλούμενον
852 2056 855 2062 .
1062 1985 1169 2042 lnducit
1182 1985 1326 2059 quemdam
1339 1986 1476 2056 Cleonem,
1491 1994 1618 2044 vocatum
1670 2039 1675 2045 .
1695 2015 1699 2022 ·

237 2070 420 2148 Παφλαγόνα,
436 2071 499 2124 κάτι
515 2068 713 2149 βυρσοπώλην,
729 2072 886 2147 πικρότατα
1063 2074 1285 2150 Paphlagonem,
1312 2082 1340 2132 et
1366 2075 1485 2149 amplius
1509 2074 1834 2132 coriorum-venditorem

237 2158 417 2217 κατεσθίοντα
435 2178 493 2224 πως
505 2160 541 2214 τὰ
554 2160 635 2215 κοινὰ
652 2159 709 2237 χρή
715 2179 800 2242 ματα·
1028 2155 1031 2168 ’
1058 2170 1205 2220 ¹vorantem
1217 2163 1432 2238 quodam-mode
1444 2163 1555 2238 publiea
1567 2163 1642 2222 bona
1655 2181 1665 2220 ε
1688 2163 1834 2238 [acerrime

239 2251 290 2328 κάν
303 2246 526 2326 παραλογισμοῖς
540 2243 695 2326 θιαφέρσντ’
710 2249 870 2326 ἐρρωμένως
1064 2256 1092 2306 et
1101 2249 1250 2332 prestigiis
1262 2256 1439 2324 praestantem
1450 2249 1530 2308 valde

215 2335 473 2408 θάλλαντοπώλην,
489 2335 587 2404 εὐθέως
597 2357 627 2393 τι
648 2339 834 2414 σκατοφάγον,
1063 2334 1398 2408 isiciorum-venditorem,
1413 2337 1561 2412 statimque
1574 2336 1770 2407 merdivorum,

241 2424 384 2484 πεισθέντα
397 2425 420 2480 τ’
438 2424 578 2482 ἐπιθέσθαι
592 2429 640 2482 σὺν
653 2426 779 2481 ’ίππεῦσίν
793 2445 858 2492 τισι,
1065 2424 1265 2500 impulsumque
1280 2426 1315 2484 ad
1335 2425 1520 2484 invadendum
1537 2444 1600 2484 cum
1615 2425 1758 2501 equitibus
1772 2427 1833 2500 qui-

241 2520 297 2580 τοῖς
311 2517 338 2570 ἐν
349 2517 426 2592 χορῷ
439 2517 569 2592 παροῦσι,
584 2518 621 2592 τῇ
635 2517 688 2570 τῶν
705 2517 876 2594 πραγμάτων
1065 2515 1111 2588 qui
1126 2514 1154 2571 in
1168 2515 1252 2572 ebore
1267 2515 1413 2586 intersunt,
1428 2533 1520 2574 rerum
1692 2515 1833 2589 [busdam,

243 2609 330 2682 ἀρχῇ,
347 2603 473 2668 Κλέωνός
484 2603 508 2658 τ’
526 2604 553 2658 ἐν
571 2607 644 2680 μέσῳ
659 2606 835 2682 κατηγορεῖν.
1065 2604 1260 2678 principatum,
1273 2599 1456 2680 Cleonem'que
1470 2606 1496 2662 in
1512 2605 1603 2662 medio
1618 2605 1815 2662 accusandum.

243 2679 358 2769 ἐγένετο
372 2689 458 2748 τοῦτ’·
477 2687 600 2758 ἐξέπεσεν
617 2689 735 2748 οίίλίων
749 2695 906 2768 παγκάκως·
1028 2742 1031 2748 ,
1066 2693 1097 2750 ld
1110 2693 1211 2750 lactum
1226 2701 1269 2750 est
1284 2713 1291 2751 :
1308 2693 1410 2752 excidit
1420 2693 1572 2751 miserrime
1589 2692 1686 2762 Clecn;

205 2793 233 2839 tu
244 2781 305 2838 δ’δὲ
318 2784 492 2860 σκατοφάγος
507 2781 586 2859 έτυχε
601 2776 746 2858 προεδρίας
760 2779 860 2852 καλῆς.
1066 2780 1832 2858 etmerdirorusassecutusestpulcrumsedis-honorem.

450 2989 453 2994 .
496 2934 751 2992 tenesmon.
1038 2936 1041 2988 ί
1173 2994 1178 3004 ,
1344 2939 1388 2994 se.
1409 2946 1555 2992 senseram.

244 3068 296 3124 Δια
305 3067 354 3130 τὰς
368 3063 445 3130 δίνας
459 3069 604 3142 φεύγουσιν
617 3047 726 3134 Ᾰύήνας
739 3061 789 3119 δύο
801 3067 879 3128 τινές·
1068 3069 1110 3126 Ob
1124 3068 1186 3126 lites
1200 3068 1311 3143 fugiunt
1324 3069 1447 3126 Athenas
1459 3070 1514 3126 duo
1526 3068 1657 3143 quidam:

245 3158 273 3211 ot
285 3155 352 3233 πρὸς
364 3155 411 3210 τὸν
426 3138 537 3225 deora,
554 3154 600 3209 τὸν
615 3151 768 3229 λεγόμενον
782 3153 886 3230 Τηρέα,
1040 3232 1042 3243 Ι
1068 3158 1115 3231 qui
1129 3157 1164 3214 ed
1179 3157 1318 3231 upupam,
1334 3157 1380 3232 qui
1395 3157 1495 3214 dicitur
1506 3159 1610 3214 Tereus
1625 3161 1725 3227 price,

246 3243 382 3308 ἐλθόντες,
397 3244 512 3321 νθρύτοιν
527 3243 714 3320 ἀπραγμόνων
727 3240 819 3298 πόλιν.
1040 3260 1043 3325 2
1068 3264 1129 3302 cum
1139 3252 1282 3316 venerunt,
1294 3245 1432 3319 rogabant
1441 3246 1721 3320 negotiis-vacuorum
1730 3245 1832 3302 urbem.

245 3329 291 3397 Εἷς
304 3327 421 3410 τρίοδος
439 3316 530 3387 dcem
551 3332 701 3408 συμπαρὼν
720 3332 788 3406 μετὰ
800 3327 933 3385 αλιιύνιον
1071 3335 1285 3393 Unuseducbus
1293 3334 1405 3391 senibus
1413 3333 1460 3408 qui
1470 3335 1577 3409 Upupe
1587 3333 1667 3391 simul
1676 3334 1767 3392 adstet
1776 3353 1834 3390 eum
1912 3333 1913 3344 ¹

223 3425 367 3493 στετηνιῖιν,
384 3417 507 3476 διδάσκει
518 3422 544 3475 τί
557 3416 649 3474 δύνατ’
666 3417 778 3498 ὀρνίθων
792 3421 879 3495 γένος,
1070 3423 1190 3491 alitibus,
1204 3423 1285 3480 docet
1298 3422 1365 3496 quid
1379 3423 1469 3497 possit
1483 3423 1574 3480 avium
1588 3441 1686 3498 genus,
1704 3423 1835 3498 [pluribus

247 3511 374 3576 καὶπῶς,
388 3509 485 3588 ἐάνπερ
500 3509 572 3564 κατὰ
589 3510 671 3583 μέσον
685 3509 731 3562 τὸν
747 3508 817 3585 ἀέρα
1071 3517 1099 3568 et
1113 3511 1259 3586 quomodo,
1276 3511 1299 3568 si
1313 3528 1363 3586 per
1378 3511 1496 3568 medium
1508 3529 1574 3568 aera

161 3635 166 3646 ·
247 3597 327 3654 πόλιν
341 3599 463 3664 κτίσωσι,
477 3599 531 3652 τῶν
545 3593 658 3652 θεῶνται
671 3599 824 3673 πράγματα
927 3641 928 3644 ,
1073 3598 1166 3655 urbem
1180 3597 1340 3665 conderent,
1355 3597 1468 3654 deorum
1482 3615 1528 3654 res

249 3688 328 3743 αὐτοί
339 3681 546 3765 παραληψοντ’·
563 3687 593 3740 ἐκ
608 3681 638 3739 δέ
652 3688 701 3740 τού
716 3705 748 3762 γε
764 3685 915 3762 φαρμάκου
1068 3686 1125 3759 ipsi
1137 3684 1307 3760 exciperent3
1321 3703 1356 3741 ex
1370 3684 1461 3757 alique
1474 3687 1566 3741 autem
1579 3701 1685 3740 veneno

248 3780 383 3855 πτέρυγας
397 3776 517 3832 ἐποίουν·
533 3768 656 3844 ἠξίωσαν
672 3771 697 3828 δ’
714 3775 741 3828 οἱ
756 3771 824 3845 θεοί,
1069 3773 1129 3829 alas
1145 3771 1283 3829 iaciebant
1298 3788 1305 3826 z
1322 3788 1575 3846 aequum-censuere
1589 3769 1637 3840 dii,

211 3879 239 3926 lt
250 3863 366 3921 ἐπίθεσιν
382 3865 414 3920 οὗ
432 3865 530 3942 μικράν
545 3863 660 3941 δρῶντες
672 3864 835 3938 γενομένην.
1045 3857 1047 3884 ¹
1267 3849 1269 3856 ’

1628 3951 1694 4016 [tam
1705 3946 1834 4004 riderent.

510 4005 559 4064 90.
581 4011 766 4062 Τονεντον.
1301 4023 1305 4030 ’
1346 4013 1562 4067 summurn.

252 4139 392 4196 Φιλούντα
412 4133 531 4205 δικάζειν
545 4139 650 4214 τατὲρα
662 4139 726 4200 ταῖς
740 4131 829 4213 εἵρξας
844 4136 919 4212 ἅρνιο
1040 4055 1050 4182 i
1076 4145 1090 4202 J
1094 4144 1220 4202 udicandi
1229 4149 1480 4218 amantempatrem
1491 4143 1564 4201 lilius
1573 4144 1708 4201 inclusum
1716 4143 1837 4218 protinus

252 4230 333 4292 αύτδς
348 4224 496 4305 ἐφύλαττεν
511 4223 588 4281 ἔνδον
604 4227 731 4282 αἱροῦντα
744 4223 784 4301 γ’,
800 4225 873 4289 δἀατ
1037 4279 1040 4298 ,
1076 4233 1136 4306 ipse
1151 4231 1326 4289 custodiebat
1337 4232 1411 4288 intus
1421 4231 1531 4306 quidem
1543 4231 1715 4290 habitantem

254 4320 293 4394 μὴ
308 4315 446 4393 λανύύνγι,
465 4311 532 4391 μηδ’
548 4308 618 4392 ἐξίῃ,
636 4310 682 4368 διὰ
692 4315 743 4384 τθν
757 4317 848 4371 recor.
1076 4339 1110 4378 ne
1124 4321 1306 4389 delitesceret,
1317 4337 1386 4378 nere
1398 4319 1495 4390 exiret,
1508 4327 1621 4396 prepter
1633 4323 1693 4392 ejus
1704 4321 1833 4377 morbum.

252 4395 274 4466 d
288 4407 312 4464 δ’
328 4409 510 4485 ἀντιμάχεται
523 4408 605 4462 παντὶ
617 4409 708 4484 τρόπῳ
723 4407 771 4460 καὶ
784 4407 910 4482 μηχανῇ.
1040 4469 1042 4480 Ι
1077 4410 1124 4466 llle
1138 4414 1230 4466 autem
1243 4414 1381 4482 repugnat
1394 4407 1468 4464 omni
1482 4407 1563 4465 modo
1578 4415 1606 4466 et
1619 4415 1688 4465 arte.
1729 4463 1733 4472 ,

228 4496 309 4554 θΕἶθ’
325 4499 352 4553 σί
366 4493 491 4567 συνήθεις
510 4497 558 4550 ναὶ
571 4498 703 4572 γέροντας,
719 4493 867 4570 λεγόμενοι
1077 4498 1142 4555 Inde
1156 4489 1303 4554 remiliares
1318 4504 1346 4553 et
1358 4513 1448 4566 senes,
1464 4495 1530 4552 dicti

252 4591 364 4664 σφῆκες,
380 4587 580 4662 παραγίνονται
599 4581 765 4660 βοηθοῦντες
782 4580 900 4662 σφόδρα,
1076 4605 1177 4662 vespe,
1192 4585 1293 4643 adsunt
1306 4585 1414 4643 fortiter
1428 4585 1606 4654 auxiliantes,

252 4678 297 4732 ἐπί
310 4679 347 4752 τῷ
365 4671 499 4730 δύνασθαι
513 4675 623 4752 κέντρον
638 4673 708 4728 ίέναι
721 4673 775 4728 τισί
1038 4713 1043 4726 .
1077 4676 1142 4750 quis
1156 4681 1274 4750 possunt
1288 4673 1423 4748 spiculum
1434 4673 1542 4738 mittere
1552 4673 1581 4732 in
1593 4673 1728 4748 quosdam

253 4767 413 4842 φρονοῦντες
427 4763 532 4818 ἱκανόν·
550 4763 564 4817 θ
579 4759 609 4817 δὲ
623 4764 711 4839 γέρων
726 4763 897 4839 πηρούμενος
1077 4763 1125 4820 ubi
1137 4762 1296 4820 existimant
1309 4761 1447 4818 idoneum.
1462 4761 1553 4819 Senex
1568 4768 1658 4822 autem
1673 4757 1822 4817 custoditus

253 4850 410 4930 ξυμπείθετ’
424 4849 502 4907 ἐνδον
518 4847 687 4919 διαδικάζειν
702 4853 750 4906 καί
766 4849 857 4925 βιοῦν,
1037 4833 1042 4850 Ι
1078 4868 1110 4908 eo
1122 4849 1260 4907 inducitur
1274 4857 1304 4906 ut
1317 4849 1391 4906 intus
1403 4849 1534 4923 dijudicet
1548 4856 1577 4906 et
1590 4848 1675 4916 vivet,

215 4951 243 4998 te
255 4944 314 4997 ἐπεί
326 4941 357 4998 τὸ
372 4935 490 5008 δικάζειν
506 4943 627 5019 κέκρικεν
646 4941 677 4994 ἐκ
696 4941 797 5005 παντὸς
807 4945 922 5019 τρόπου.
1040 4930 1046 5014 J
1077 4939 1180 5014 quippe
1193 4937 1239 5013 qui
1249 4937 1374 5014 judicare
1389 4935 1511 4994 decrerit
1525 4937 1598 4994 omni
1610 4938 1704 4996 modo.
1733 4981 1736 4988 .

494 5081 543 5141 el.
564 5079 784 5140 ΑΔΕΣΠΟΤΟΝ.
1042 5085 1045 5116 ³
1297 5093 1305 5102 ·’
1345 5085 1389 5137 θί.
1403 5080 1580 5138 ΑΝΟΝΥΜΙ.

256 5217 365 5295 Χρύσης
379 5197 487 5288 δύηνᾶς
501 5213 596 5292 βαρύν
613 5203 865 5292 ἕτινιιγοιαρενσν,Ἰ
934 5296 935 5300 ¹
1041 5186 1427 5312 {Chrysesllinervesarsm
1442 5223 1613 5290 congestam.
1677 5263 1679 5278 ‚

1073 3878 1134 3917 cum
1148 3859 1568 3918 noverum-rerum-mcliticnem
1585 3876 1643 3916 non
1658 3857 1836 3932 parramlec-
1912 3871 1913 3926 γ
