3866 6016
183 441 241 500 stt

225 571 283 630 ἀντ’
298 575 454 652 εὐεργεσίης
467 575 515 628 καί
532 570 657 649 μεγάλης
671 573 780 650 ἀρετῆς·

186 661 295 745 μᾶλλόν
306 683 347 728 τις
359 659 420 718 τάδ’
435 659 501 718 ἰδὼν
515 664 563 718 καί
577 663 765 739 ίπεσσομίνων
782 659 907 732 ίθελησει

225 754 298 830 &ppt
308 754 413 830 πάτρας
427 746 516 817 ξυνοῖς
529 753 676 829 πράγμασι
687 747 793 828 μόχθον
808 749 891 827 ίχειν.

484 884 534 943 ιο.
550 891 651 942 anno.

142 996 154 1022 ⁰
186 986 225 1057 tls
237 1020 304 1056 ποτε
317 995 402 1070 τῆσδε
413 997 522 1072 πόληος
535 997 587 1076 ἅμ’
598 981 745 1078 Ᾰτρείδησι
756 997 910 1064 Μενεσθεύς

224 1091 320 1167 ἠγεῖτο
334 1085 432 1156 ζάθεον
446 1089 567 1166 Τρωικόν
583 1089 609 1153 i<
622 1085 727 1158 πεδίον,

186 1177 216 1234 όν
230 1176 292 1234 ποθ’
308 1161 423 1255 θμηρος
438 1177 490 1254 ἔφη
507 1177 620 1232 Δαναῶν
635 1181 710 1232 πύκα
725 1174 893 1254 θωρηκτάων

225 1269 392 1344 κοσμητῆρα
409 1269 502 1342 μάχης
517 1261 614 1343 ἔξοχον
631 1265 696 1320 ὄντα
713 1263 824 1341 μολεῖν·

162 1356 271 1420 bodam<
286 1351 366 1412 ούδίν
381 1355 469 1417 danai<
482 1338 644 1424 Ᾰθηναίοισι
658 1351 802 1416 καλεῖσθαι

225 1447 378 1522 κοσμηταῖς
392 1442 519 1520 πολίμου
533 1439 558 1497 τ’
573 1443 646 1520 ἀμφὶ
659 1444 706 1498 καὶ
716 1444 845 1521 ἠνορέης.

484 1568 535 1626 il.
551 1575 649 1624 nnAO.

486 1671 656 1738 Ξενοκράτης,

493 1746 651 1812 Θεόπομπός,

493 1823 649 1880 Μνασίλαος.

187 1913 271 1986 ,θνίκα
284 1928 315 1984 τό
332 1928 457 2007 Σπάρτας
472 1927 578 2005 ίκράτει
592 1923 670 2005 δόρυ,
686 1929 800 1998 τηνάκις
813 1925 884 1984 εἶλεν

226 2016 412 2096 Ξεινοκράτης
424 2014 520 2094 κλάρῳ
534 2017 602 2086 Ζηνὶ
615 2019 734 2093 τρόπαια
747 2019 847 2095 ρίρειν,

187 2109 219 2164 ού
234 2109 280 2164 τόν
295 2108 343 2162 ἀπ’
358 2108 472 2185 Εὐρώτα
486 2101 577 2169 δείσας
591 2103 689 2162 στόλον
704 2104 769 2162 οὐδὲ
783 2107 922 2162 Λάκαιναν

228 2193 349 2251 ἀσπίδα·
367 2190 487 2266 Θηύαῖοι
500 2195 653 2272 κρείσσονες
667 2195 694 2249 ἰν
708 2193 840 2272 πολίμιρ·

164 2289 317 2363 ικαρύσσει
329 2287 475 2361 Λεύκτροις
487 2285 624 2360 νικαφόρα
639 2279 718 2362 δουρί
730 2288 850 2362 τρόπαια

227 2369 286 2428 οὐδ’
302 2357 503 2448 Ἐπαμεινώνδα
519 2367 641 2448 δεύτεροι
655 2367 825 2450 ἐδράμομεν,

498 2681 547 2739 49.
563 2688 661 2737 ΑΛΛΟ.

189 2805 246 2864 Καὶ
262 2806 331 2883 μετὰ
344 2801 505 2883 λαορ[ό]νον
519 2799 595 2882 Είρος
609 2799 702 2882 υίί[ος]
715 2803 821 2880 ἤρκεσα
831 2805 935 2882 πάτρη,

228 2895 320 2949 κτεῖνα
334 2890 359 2949 δ’
375 2877 486 2972 Ᾰχιλῆα
499 2895 606 2972 γήραος
621 2888 767 2970 εύρραδίη.

186 2967 224 3047 tl<
241 2981 355 3039 δίκατον
371 2980 396 3038 δ’
412 2983 551 3061 ίκράτησα
564 2977 794 3060 Π[αν]ελληνω[ν]
807 2981 940 3055 ίνιαυτόν,

227 3071 295 3150 πρὸς
309 3068 338 3128 hi
353 3067 453 3150 μί[τ]ον
468 3067 600 3150 Μοιρ[ῶν]
615 3068 688 3133 οὔτις
702 3068 760 3146 ίχει
774 3065 896 3130 δύνασιν.

391 3205 441 3266 t3.
464 3200 750 3262 ΑΣΤΥΔΑΜΑΝΤΟΣ.

189 3318 247 3376 Εἴθ’
264 3320 318 3397 ipo
333 3320 360 3376 ίν
375 3321 474 3386 κείνοις
485 3321 621 3398 γενόμην,
635 3316 656 3388 ἢ
671 3319 757 3372 κείνοι
770 3316 821 3395 ἅμ’
833 3317 915 3395 ημῖν,

228 3402 875 3486 οἳγλύσειιτεεύῆςπιῶῖαδοκοῦσιθθίθ
982 3426 985 3515 l
1085 3500 1124 3556 η·
1226 3499 1232 3512 ·
1308 3497 1765 3572 transtorrentem

1046 3519 1093 3576 qur
1117 3517 1307 3574 ingueJucun
1327 3516 1350 3556 ιο
1484 3515 1521 3571 l)u
1584 3515 1601 3554 ¹¹
1767 3525 1780 3538 ’

189 3499 224 3562 ὡς
237 3498 278 3554 ἐπ’
294 3496 429 3569 ἀληθείης
443 3495 553 3575 ίκρίθην
568 3493 677 3575 άρεθείς
688 3493 881 3572 παράμιλλος·

227 3589 274 3642 νύν
287 3583 317 3642 tt
331 3591 422 3666 χρόνῳ
436 3583 600 3665 παρίχουά,
618 3582 658 3650 οῐς
672 3579 771 3662 φθόνος
785 3585 840 3662 οὐχ
850 3583 954 3643 ἕπεται.

222 4233 373 4301 Cecropidae
387 4233 496 4284 ducibus
507 4247 618 4284 munera
629 4232 703 4283 clara
717 4231 781 4292 suis,

189 4333 216 4368 ut
229 4321 294 4370 bene
308 4317 450 4384 posteritas
464 4316 549 4368 discat
562 4331 680 4381 sperare,
692 4315 797 4367 labores

221 4418 268 4470 pro
282 4401 369 4469 petria
382 4409 502 4467 sumptos
516 4416 564 4450 neo
582 4406 655 4466 putet
669 4415 727 4452 esse
739 4415 842 4466 graves.

784 4500 811 4534 ιε.
831 4498 954 4536 οιεοτιοε.

495 4579 537 4630 lo.
556 4592 643 4629 amun.

321 4705 324 4712 ·
407 4675 543 4740 Inscriptio
558 4673 630 4723 tertii
641 4674 749 4724 Home.

186 4787 317 4840 Moenibus
330 4786 418 4838 Iliacis
432 4785 483 4835 hac
494 4791 585 4835 vectus
597 4785 631 4835 ab
642 4784 707 4834 urbe
720 4783 888 4834 Menestheus

220 4869 309 4921 intulit
321 4869 429 4920 Atridas
441 4883 515 4918 arma
526 4875 617 4918 secuta
629 4865 695 4916 duos
710 4882 716 4916 :

187 4969 274 5020 quem,
289 4951 391 5018 quoties
404 4951 486 5002 caluit
499 4950 563 5002 terri
575 4959 717 5010 certamen,
732 4951 863 5002 Homerus

101 5021 113 5030 ’
220 5037 247 5088 in
261 5035 371 5087 ducibus
384 5035 483 5086 Danais
495 5034 637 5086 eminuisse
650 5034 740 5085 refert.

187 5123 246 5173 Non
259 5119 341 5187 igitur
354 5134 422 5171 nora
433 5135 485 5174 res.
498 5119 567 5185 quod
581 5134 676 5170 nomen
689 5117 793 5170 habetis
807 5119 929 5180 Athenae,

220 5203 273 5254 sive
288 5202 369 5254 animi
382 5202 497 5264 Mavors,
514 5217 561 5253 seu
574 5201 652 5254 simul
666 5203 731 5255 artis
745 5209 814 5268 eget.

781 5301 810 5336 s.
831 5298 953 5336 osorius.

639 437 899 500 ANTHOLOGIAE
920 437 1072 499 GltAECAE
1091 439 1320 500 APPENDIGIS

1042 578 1078 634 ob
1090 577 1298 636 beneficentiam
1313 586 1342 637 et
1352 555 1481 655 magnam
1494 582 1632 650 virtutem,

1006 665 1096 740 magis
1111 667 1183 742 quis,
1197 667 1257 725 hoee
1269 667 1377 736 videns,
1393 677 1421 726 et
1431 676 1615 744 posterorum,
1627 671 1699 728 volet

1043 773 1094 831 pro
1105 756 1197 832 patria
1210 757 1400 815 communibus
1414 757 1442 816 in
1455 759 1540 816 rebus
1555 760 1677 817 laborem
1691 760 1778 816 ferre.

1293 889 1338 945 to.
1358 897 1460 943 sunu.

1007 999 1078 1060 Olim
1088 1018 1123 1058 ex
1137 999 1190 1057 hac
1204 999 1273 1058 urbe
1287 1019 1349 1058 cum
1362 1001 1468 1060 Atridis
1483 1003 1661 1062 Menestheus
1690 1006 1780 1078 (pum,

1043 1087 1162 1146 ducebat
1174 1092 1248 1145 uiros
1262 1089 1477 1146 valde-divinum
1494 1091 1522 1147 in
1536 1092 1683 1166 Trojanum
1703 1109 1781 1148 cem-

1007 1195 1088 1253 quem
1102 1177 1167 1234 olim
1181 1178 1316 1235 Homerus
1331 1178 1402 1236 dixit
1420 1179 1577 1238 Danaomm
1590 1180 1669 1237 valde
1683 1180 1783 1236 lorica·

1043 1266 1243 1324 moderatorem
1256 1283 1357 1341 pugne
1369 1267 1499 1326 eximium
1508 1269 1631 1340 venisse;
1676 1271 1780 1344 [torum

1008 1355 1048 1414 sic
1061 1355 1129 1412 nihil
1144 1355 1274 1412 indecens
1288 1356 1505 1415 Atheniensibus
1518 1358 1611 1416 vocari

1042 1442 1261 1501 moderatoribus
1275 1443 1310 1500 de
1324 1443 1395 1502 bello
1410 1453 1438 1504 et
1451 1445 1621 1504 virili-virtut

1310 1572 1356 1628 tt.
1375 1579 1476 1624 tutuo.

1297 1670 1471 1731 Xenocrates,

1297 1747 1493 1812 Theopompus,

1163 1889 1165 1895 Ι
1295 1820 1453 1872 Mussitans.

1009 1930 1077 1989 Cum
1091 1931 1199 2007 Sparta
1210 1931 1397 1988 dominaretur
1410 1929 1515 1999 lancea,
1530 1936 1589 1987 tum
1604 1928 1724 2002 suscepit

1044 2020 1213 2078 Xenocrates
1227 2027 1302 2078 sorte
1310 2019 1425 2094 jubente
1438 2019 1500 2077 Jovi
1513 2025 1619 2094 tropaea
1632 2017 1715 2084 terre,

1009 2125 1075 2176 non,
1083 2112 1133 2180 qui
1140 2113 1215 2166 ocnit
1227 2108 1263 2166 ab
1276 2109 1390 2178 Eurota,
1398 2108 1504 2166 veritus
1517 2105 1678 2176 exercitum,
1687 2123 1780 2180 neque

1488 2249 1493 2258 .
1604 2195 1780 2270 [Laconicum

1045 2293 1173 2344 scutum:
1188 2286 1354 2344 -Thebani
1368 2285 1495 2344 meliores
1505 2291 1570 2343 sinat
1581 2284 1609 2342 in
1621 2283 1692 2342 bello
1705 2301 1714 2340 ε

1008 2377 1040 2432 id
1055 2375 1226 2449 proclament
1235 2375 1369 2444 Leuctris,
1380 2373 1714 2449 quocum-motoria-tulit
1722 2373 1781 2430 lan-

1568 2465 1638 2537 [cea,
1653 2471 1778 2537 ιεοροεος

1045 2569 1134 2626 neque
1143 2551 1332 2626 Epaminonda
1346 2551 1514 2626 posteriores
1527 2550 1705 2608 cucurrimus.

1315 2685 1360 2740 42.
1381 2692 1482 2736 curun.
1658 2717 1779 2792 [μωρῶν

1011 2808 1100 2867 Etiam
1110 2814 1174 2882 post
1183 2807 1347 2864 homicidam
1358 2805 1480 2881 gladium
1488 2805 1546 2876 lilii,
1557 2804 1708 2880 opitulatus
1718 2823 1780 2862 sum

1045 2896 1323 2972 occidiquerlchillem
1330 2891 1780 2952 senectutismeebonisconsiliia.

1013 2989 1102 3060 Usque
1114 2987 1150 3044 ed
1163 2985 1297 3043 decimum
1311 2983 1440 3058 superavi
1454 2981 1636 3040 Panhellence
1647 2997 1760 3049 annum,

1046 3075 1179 3133 adsersus
1192 3079 1284 3131 autem
1300 3072 1376 3128 filum
1391 3073 1485 3128 Parce
1503 3087 1583 3128 nemo
1598 3071 1683 3127 habet
1699 3077 1782 3144 pote·

1213 3209 1259 3266 sa.
1279 3204 1569 3264 nsrrnnunnms.
1655 3160 1779 3232 [εἴωθ’

982 3402 984 3413 1
1012 3324 1121 3383 Utinam
1129 3341 1183 3398 ego
1197 3339 1259 3380 cum
1269 3321 1323 3378 illis
1331 3327 1414 3378 natus
1426 3337 1526 3387 essem,
1537 3325 1586 3377 eut
1595 3319 1633 3376 illi
1643 3319 1723 3376 simul
1735 3325 1781 3375 at·

1635 3407 1699 3482 [que
1715 3423 1779 3474 nos,

1700 3601 1768 3640 nere

1010 3659 1113 3754 quippe
1127 3675 1175 3751 qui
1189 3693 1224 3734 ex
1236 3677 1352 3734 veritate
1364 3675 1505 3750 judicatus
1519 3693 1580 3732 sum
1594 3587 1724 3732 dimissius
1738 3625 1780 3728 οἱ,

1447 3763 1753 3840 [tra-certamen-victor
1770 3781 1778 3819 :

1045 3863 1216 3914 runcantem
1232 3855 1286 3914 ida
1296 3865 1420 3931 tempore
1435 3856 1549 3925 hebent,
1560 3871 1692 3930 quosnon
1703 3853 1780 3909 inse·

1545 3944 1650 4019 [quitur
1663 3942 1778 4000 invidia.

1320 4233 1363 4284 ll.
1381 4247 1470 4284 iarun.

1008 4325 1115 4378 Ιαοσοε
1128 4340 1188 4376 cum
1200 4325 1303 4391 Spartae
1315 4333 1448 4392 regnaret,
1462 4323 1570 4374 numine
1582 4321 1661 4374 sortis

1041 4411 1203 4462 Xenocrates
1211 4401 1303 4476 jussus
1315 4409 1384 4460 serre
1398 4417 1500 4474 tmpesa
1512 4406 1581 4470 iovi,

1008 4494 1107 4561 sprevit
1120 4494 1154 4544 ab
1166 4493 1267 4546 Eurota
1279 4493 1376 4544 missos
1390 4499 1418 4544 et
1431 4499 1507 4544 scuta
1518 4491 1631 4542 Laconis

1042 4577 1144 4630 hostica
1157 4592 1164 4626 :
1178 4575 1313 4628 Thebanis
1327 4575 1423 4628 bellica
1436 4577 1525 4642 palma
1537 4573 1618 4626 venit.

1008 4662 1160 4714 Proclamat
1170 4660 1290 4713 Leuctris
1303 4669 1407 4727 partum
1418 4660 1514 4726 virtute
1527 4667 1655 4726 tropaeum
1669 4673 1676 4708 ι

1041 4763 1088 4798 nos
1101 4745 1290 4814 Epaminonda
1302 4761 1355 4797 non
1367 4745 1494 4813 precinere
1508 4745 1598 4812 pedes.
1641 4759 1666 4794 s.
1680 4757 1780 4794 roasa.

1257 4841 1298 4891 lt.
1317 4855 1526 4891 nsnsnnuisrrs.

1311 4933 1350 4984 Dc
1366 4949 1393 4985 sc
1410 4933 1475 5000 ipsc.

1008 5033 1029 5084 0
1044 5047 1094 5099 ego
1108 5031 1131 5083 si
1145 5031 1252 5083 illomm
1265 5027 1387 5078 vixissem
1399 5032 1486 5088 estate,
1499 5023 1541 5076 rel
1554 5024 1593 5076 illl

1040 5131 1153 5180 meenm,
1167 5131 1232 5182 qnos
1247 5113 1365 5165 celebres
1378 5111 1471 5177 lingua
1483 5111 1582 5162 diserta
1596 5107 1670 5172 lacit,

1008 5207 1037 5254 ut
1049 5217 1099 5268 par
1112 5203 1160 5252 sub
1171 5215 1233 5251 sero
1245 5212 1402 5250 concurrere
1412 5195 1503 5262 judice
1517 5210 1622 5263 possem
1635 5210 1642 5246 ι

1040 5298 1109 5334 nunc
1123 5289 1189 5334 aetas
1203 5280 1263 5332 illos
1278 5279 1375 5331 liberat
1387 5277 1496 5330 invidia.
1606 5293 1632 5327 ιι.
1653 5287 1778 5328 caoctus.
