3882 6080
435 393 560 453 CAPUT
582 392 634 452 IV.
658 386 959 453 EXHORTATORIA
982 389 1031 451 ΕΤ
1053 393 1369 461 SUPPLlCATORlA.

15 551 16 556 ¹
90 542 102 587 5
153 529 270 604 πήγνυσι
282 527 332 582 καὶ
343 525 390 581 τόν
405 521 477 581 οἶνον
491 525 518 580 έν
532 544 586 581 τισι
599 529 703 596 τόποις,

152 619 215 680 τοὺς
227 615 250 670 τ’
266 617 399 692 ἀμφορεῖς
413 615 542 693 ῥήγνυσιν
558 616 589 669 έκ
601 617 651 683 τῆς
666 608 781 690 ψύξεως.

153 691 174 762 θ
190 702 215 760 δ’
230 700 315 774 οἶκος,
332 701 397 759 ἔνθα
409 707 457 759 νῦν
472 707 648 774 κατασκηνῶ,
664 701 748 758 πολιν

153 795 299 870 ἀγάννιφός
311 811 340 848 τε
352 793 400 846 καὶ
409 789 473 847 λίαν
488 788 677 870 δυσχείμερος.

153 867 174 940 θ
189 883 327 960 Θρασκίας
342 878 372 935 δέ
388 878 485 959 δριμύς
499 883 555 937 έστι
568 883 615 936 καί
628 883 733 958 πικρός,

153 967 224 1042 ὀξύς,
242 967 357 1040 δυσαής,
372 971 508 1048 ταρτάρου
522 972 608 1033 πνοὰς
622 970 703 1046 έχων·

152 1061 166 1115 ό
179 1061 233 1138 γάρ
249 1059 334 1122 Νότος
346 1055 474 1114 λέλοιπεν
487 1058 571 1135 ῆμῶν
584 1061 616 1112 τό
630 1056 729 1134 κλίμα.

152 1151 212 1212 Πῶς
226 1143 275 1204 οὖν
288 1150 425 1203 τοσούτων
439 1145 621 1225 ψυχροτῆτων
636 1147 663 1200 έν
680 1148 753 1222 μέσῳ

153 1239 222 1314 όρῶν
240 1255 274 1313 με
287 1232 454 1314 συσχεθέντα
466 1236 512 1290 τόν
526 1233 706 1304 ταλάντατον,

153 1324 225 1404 ὕδωρ
244 1322 363 1388 κελεύεις
376 1322 585 1403 προσφέρεσθαι,
602 1321 731 1402 φίλτατες

92 1415 101 1426 “
153 1417 184 1469 ut
194 1417 251 1492 γάρ
268 1431 301 1490 με
315 1415 421 1490 πείσης,
437 1411 457 1482 ῆ
471 1413 540 1490 χιὼν
554 1415 710 1489 γενήσομαι

151 1504 170 1572 ῆ
185 1505 235 1558 καὶ
247 1498 372 1580 χάλαζα·
388 1504 436 1558 καὶ
450 1500 537 1557 θανὼν
549 1498 739 1564 νεκυοστόλοις

154 1593 295 1669 ἄψαυστος
311 1593 346 1654 ὡς
360 1589 529 1668 κρύσταλλος
543 1591 579 1646 ὧν
595 1593 767 1668 φανήσομαι,

153 1685 187 1758 τῇ
202 1683 241 1756 οῆ
255 1677 392 1745 πεποιθὼς
405 1678 525 1756 ψυκτικῇ
539 1681 707 1756 παραινέσει.

153 1754 261 1825 Ᾰπελθε
275 1769 365 1823 τοίνυν
378 1771 415 1832 εἰς
426 1773 527 1831 τόπους
540 1771 590 1838 τῆς
604 1752 701 1832 ίνδίας,
723 1835 725 1838 ¹

81 1887 92 1920 ·.
156 1861 191 1924 εἷς
203 1857 229 1914 τ’
243 1843 431 1936 Ᾰηησύμέων,
448 1858 485 1920 είς
497 1876 526 1912 τε
541 1855 696 1932 Βλεμμύων
712 1853 814 1918 πόλεις,

156 1949 224 2004 dcco
237 1947 366 2025 λέγουσιν
380 1944 522 2022 ἀμπέλους
539 1947 577 2022 μὴ
594 1942 765 2000 δλαστάνειν·

156 2039 242 2092 ἐκεῖσε
259 2032 348 2102 δεῖξον
364 2035 415 2106 σῆν
429 2035 568 2112 ἰατρικὴν,
584 2036 661 2110 σοφέ.

156 2111 226 2202 θμῖν
237 2127 293 2204 γάρ
308 2125 360 2182 οὐκ
373 2123 458 2180 ένεστι
470 2125 551 2200 χρεία
563 2125 613 2193 σῆς
625 2125 734 2199 τέχνης,

156 2216 178 2268 εἰ
192 2211 245 2286 ζῆν
262 2212 390 2290 θέλοιμεν
405 2213 510 2268 καὶτὸν
523 2210 605 2282 ἥλιον
623 2209 743 2286 βλέπειν.
760 2269 762 2277 ,

356 2366 405 2424 78.
424 2361 643 2420 ΑΔΕΣΠΟΤΟΝ.

154 2486 233 2576 Epo&
251 2497 380 2563 θανόντος
393 2499 441 2553 καὶ
454 2498 583 2573 γυναικός
596 2497 644 2551 καί
654 2499 753 2550 τέκνων

155 2591 182 2653 ἀς
196 2588 229 2644 ἂν
246 2583 351 2653 ἀνοίξει
363 2583 501 2663 τύμόσνῆ
521 2583 624 2660 βλάψει
636 2587 733 2660 τάφον,

154 2681 244 2732 πόνων
261 2678 357 2754 ἀώρων
370 2677 541 2753 περιπέσοιτο
555 2676 718 2750 συμφοραῖς.

422 2823 584 2883 79.anno.

224 2941 268 2995 Εἰς
281 2939 435 3006 στρατιώτην
450 2941 498 2988 ὑπό
513 2938 585 2994 τόξου
600 2935 766 3002 ἀναιρεθέντα.

965 531 1041 606 cogit
1055 541 1083 590 et
1095 533 1186 592 vinum
1198 538 1226 593 in
1240 538 1406 612 quibusdam
1421 540 1500 610 locis,

966 620 1167 696 amphoraaque
1182 626 1285 699 frangit
1299 645 1334 684 ex
1348 628 1574 702 refrigeratione:
1590 642 1593 646 ’

967 708 1070 765 Domus
1084 720 1185 777 autem,
1202 713 1249 770 ubi
1262 732 1335 771 nunc
1349 717 1455 787 habito,
1470 737 1577 777 rursum

967 795 1208 874 valde-nivosaque
1216 809 1260 859 est
1273 810 1301 860 ct
1311 804 1457 864 admodum
1466 808 1697 882 hiberno-uigore

967 883 1114 943 Thraecias
1129 903 1192 945 acer
1203 895 1246 946 eat
1258 898 1287 948 et
1300 893 1427 965 acerbus,
1544 899 1695 972 [intestata.

968 977 1693 1054 acutua,graritcrspiraus,tartareosllatuababens:

968 1061 1057 1120 Notua
1070 1064 1142 1120 euim
1156 1066 1267 1141 reliquit
1280 1077 1402 1129 nostram
1416 1074 1566 1148 regionem.

967 1147 1108 1216 Quomodo
1120 1153 1207 1228 igitur
1220 1161 1360 1215 tantorum
1373 1159 1508 1234 frigorum
1521 1161 1550 1219 in
1563 1165 1653 1221 medio

968 1235 1065 1294 videns
1075 1256 1119 1296 me
1133 1241 1283 1300 cohibitum
1295 1245 1488 1321 miserrimum,

970 1341 1071 1398 aquam
1082 1327 1165 1401 jubes
1178 1332 1281 1402 afferri,
1297 1333 1480 1394 amicissime?

969 1412 999 1468 Si
1013 1414 1085 1470 enim
1098 1433 1142 1474 me
1155 1420 1337 1492 persuaseris,
1354 1430 1401 1481 aut
1414 1425 1462 1481 nix
1476 1427 1539 1482 llam

970 1502 1112 1560 autetiam
1125 1507 1247 1578 grand03
1263 1513 1292 1566 et
1305 1519 1430 1568 mortuus
1445 1513 1652 1586 pollinctoribus

971 1608 1025 1647 uon
1040 1595 1195 1668 tangendus
1207 1603 1238 1653 ut
1249 1598 1394 1671 crystallus
1408 1600 1531 1673 videbor,

971 1686 1025 1738 tum
1038 1681 1127 1739 fidens
1141 1683 1291 1758 frigidariae
1303 1687 1498 1751 adhortationi.
1526 1736 1528 1740 .

970 1768 1024 1823 Abi
1037 1768 1123 1842 igitur
1136 1769 1165 1826 in
1176 1778 1281 1829 tractus
1296 1774 1415 1845 lndieoa,

972 1855 1054 1928 inquo
1065 1859 1297 1932 Agcsymborum,
1306 1860 1598 1941 inqueBlemmyarum
1607 1871 1699 1939 urbes,

972 1943 1019 1999 ubi
1034 1943 1129 2002 dicunt
1141 1963 1197 2004 non
1210 1963 1333 2006 crescere
1344 1952 1415 2008 vites
1427 1971 1434 2010 :

972 2031 1027 2089 illie
1039 2033 1154 2090 ostende
1169 2041 1246 2092 tuam
1258 2036 1432 2109 medicinam,
1448 2043 1569 2115 sapiens.

972 2119 1058 2176 Nobis
1072 2120 1144 2178 enim
1158 2139 1213 2179 non
1228 2123 1300 2182 ineat
1313 2143 1384 2199 opus
1399 2136 1447 2186 tua
1460 2137 1529 2198 arte,

972 2205 996 2263 si
1009 2207 1102 2266 rivere
1115 2210 1240 2269 volumus
1255 2220 1283 2270 et
1297 2215 1383 2272 solem
1400 2216 1503 2277 ridere.

1201 2363 1246 2418 78.
1266 2361 1439 2421 ANONYlll.

972 2487 1027 2544 Mal
1041 2489 1141 2546 mortui
1154 2497 1183 2548 et
1196 2492 1291 2550 uxoris
1306 2501 1334 2550 et
1345 2493 1491 2554 liberorum

972 2577 1018 2648 qui
1033 2578 1138 2650 aperiet
1150 2580 1284 2637 tumulum
1298 2589 1347 2639 aut
1359 2583 1474 2642 violabit
1483 2587 1648 2662 sepulcrum,

973 2682 1153 2723 aerumnarum
1169 2668 1332 2726 deformium
1345 2671 1448 2730 incidat
1462 2675 1489 2729 in
1504 2691 1596 2734 casua.

1237 2823 1282 2876 79.
1301 2830 1400 2874 neruo.

1114 2928 1142 2976 ln
1158 2927 1270 2978 militem
1282 2930 1334 2980 telo
1349 2929 1524 2985 intersectum.

118 3059 173 3116 05„
186 3059 292 3136 ἀγαθὸς
310 3061 358 3137 μὲν
378 3057 481 3138 lupe,
501 3057 604 3136 ἀγαθὸν
624 3054 654 3112 δέ
668 3057 717 3113 τιν’
734 3051 882 3135 ἐξενάριξεν
937 3051 998 3107 Non
1011 3051 1101 3108 bonus
1115 3053 1224 3126 quidem
1240 3055 1349 3126 occidit,
1364 3057 1465 3115 bonum
1480 3078 1544 3119 vero
1559 3068 1702 3137 quemdam

15 3207 16 3212 1
125 3223 130 3233 μ
154 3151 320 3226 ἀγχέμαχον
335 3145 548 3292 τόνδεριείρακα
564 3143 747 3224 μακροόόλος.

117 3237 152 3300 Ως
166 3235 262 3300 ἄδικος
276 3234 403 3310 τελέθεις,
443 3255 496 3315 ρες·
514 3236 543 3300 ός
555 3236 581 3312 γ’
597 3236 624 3290 ἐν
641 3236 727 3310 ἐαυτῷ
746 3237 843 3312 κάρτος

153 3329 303 3404 κρείττοσιν
319 3327 350 3380 οὐ
366 3328 505 3402 παρέχεις,
522 3327 578 3389 πῶς
594 3325 693 3401 ἑτέροις
708 3321 840 3392 δικάσεις;

421 3727 470 3786 80.
486 3735 583 3782 ΑΔΔΟ.

116 3843 151 3921 Ως
166 3856 272 3934 ἀγαθόν
286 3853 384 3934 σταδίη
399 3854 489 3912 πλατὺ
501 3859 649 3933 φάσγανον,
663 3877 691 3946 pe
703 3854 733 3912 δέ
744 3877 775 3932 γε
785 3859 869 3934 τείχει

152 3943 231 4012 τόξον
247 3947 292 4001 ἀεί
305 3948 421 4024 κρατέει·
438 3944 512 4000 τοῦτ’
530 3941 643 4015 etonem
657 3947 740 4023 Αρης.

417 4098 579 4156 81.ΑΔοο.

154 4233 268 4304 Πολλὴν
284 4230 405 4302 ἀπῆλθον
419 4235 469 4302 τῆς
482 4234 556 4287 κάτω
570 4230 680 4310 χθονός,
698 4233 780 4309 Λόγε,

153 4318 237 4393 δόξης
253 4319 375 4391 ἀνῆλθον
389 4317 467 4398 δεξιᾷ
480 4325 515 4399 σῇ
530 4323 597 4400 πρὸς
613 4325 694 4398 μέγα·

153 4410 216 4468 ἀλλ’
233 4412 268 4466 οὐ
282 4407 426 4487 παρῆλθον
440 4410 486 4464 τόν
502 4413 635 4488 τρίπηχυν
650 4413 697 4464 νῦν
711 4407 799 4466 λίθον·

153 4497 217 4554 ἀλλ’
231 4499 280 4562 οὓς
294 4500 406 4576 ἐφεῦρον
422 4499 449 4552 έν
466 4496 516 4574 βίῳ
532 4501 587 4574 φῶς
601 4501 649 4552 τοῦ
668 4497 740 4572 βίου,

90 4624 99 4636 .
153 4588 183 4642 τό
198 4591 257 4664 φῶς
268 4589 410 4655 τεκοῦσαν,
428 4589 483 4662 φῶς
496 4605 536 4658 σε,
552 4589 600 4640 τοῦ
617 4587 705 4663 φωτός
716 4589 792 4662 γόνε,

154 4675 264 4754 εὕροιμι
276 4676 357 4729 κάκεῖ
368 4677 423 4752 φῶς
435 4694 465 4728 τε
479 4677 526 4728 καὶ
538 4672 616 4730 λύσιν
632 4678 732 4732 πόνων.

418 4826 580 4884 82.tnno.

157 4955 285 5018 Κόλτιους
299 4954 418 5025 ἐπῆλθον
434 4959 481 5012 καὶ
494 4962 593 5022 τόπους
604 4961 656 5035 γῆς
672 4962 792 5038 μυρίους,

156 5042 270 5118 θρόνους
284 5040 409 5117 διῆλθον,
426 5047 540 5124 ἀρχικὰς
554 5043 687 5112 ἐξουσίας.

157 5129 219 5186 ἀλλ’
237 5133 270 5187 οὗ
284 5131 428 5210 παρῆλθον
441 5136 488 5190 τόν
501 5139 636 5213 τρίπηχυν
648 5141 694 5190 νῦν
708 5135 796 5192 λίθον·

157 5223 253 5298 κεῖμαι
267 5218 297 5276 δέ
308 5223 402 5300 νεκρὸς
415 5226 467 5277 τῶν
481 5227 571 5279 κόπων
584 5229 767 5302 πεπαυμένος,

1555 3151 1704 3225 [interiecit

972 3228 1280 3304 cominus-pugnantem
1304 3230 1410 3289 huncce
1430 3233 1559 3307 juvenem
1583 3243 1701 3299 eminus·

1590 3329 1700 3387 feriens

937 3405 1024 3473 Quam
1044 3405 1154 3479 iniquus
1178 3423 1218 3472 es,
1237 3407 1326 3464 Marsl
1351 3408 1398 3482 qui
1421 3411 1533 3485 quidem
1551 3329 1702 3492 in[ta-ipso

1494 3503 1606 3575 [tabee
1619 3508 1703 3564 robur
1777 3517 1779 3521 ’

971 3580 1129 3638 melioribus
1140 3599 1193 3640 non
1204 3583 1467 3658 praebes,'quomodo
1473 3589 1610 3662 Jusdicee
1623 3595 1703 3652 aliis?

1237 3737 1281 3790 80.
1302 3745 1401 3788 atrum.

937 3867 973 3924 Ut
987 3866 1075 3922 bonus
1085 3866 1112 3922 iu
1125 3866 1215 3923 stabili
1223 3885 1317 3940 papiro
1329 3867 1403 3926 latus
1415 3869 1498 3940 ensis,
1509 3869 1536 3928 in
1546 3890 1622 3932 muro
1636 3895 1700 3936 sano

971 3955 1054 4012 telum
1068 3973 1177 4030 semper
1191 3963 1304 4029 superat
1319 3973 1326 4011 ι
1340 3956 1393 4013 boc
1404 3957 1531 4017 clamarit
1545 3962 1664 4022 Mavors.

1236 4110 1279 4162 at.
1300 4117 1399 4160 Αιιυο.

937 4237 1051 4293 Multum
1063 4236 1136 4293 obiri
1152 4236 1255 4293 telluris
1270 4235 1392 4303 inlernoe,
1409 4237 1541 4310 Verbum,

936 4325 1030 4398 gloria
1043 4324 1175 4389 adscendi
1186 4325 1284 4380 dextra
1297 4331 1345 4380 tua
1356 4323 1391 4380 ad
1407 4325 1637 4399 magnitudinem,

936 4413 1052 4469 sednon
1065 4411 1184 4486 preterit
1199 4409 1381 4467 tricubitalem
1395 4428 1467 4467 nunc
1478 4411 1596 4486 lapidem
1613 4433 1619 4471 :

937 4500 985 4557 sed
997 4516 1066 4574 quos
1078 4497 1170 4556 inveni
1184 4497 1212 4555 iu
1226 4499 1283 4556 vita
1295 4496 1357 4556 vitre
1371 4499 1470 4568 lucem,

936 4605 995 4646 cam
1006 4606 1067 4662 qua
1080 4587 1168 4644 lucem
1178 4587 1295 4662 peperit,
1309 4586 1396 4643 lucem
1413 4595 1449 4658 te,
1464 4589 1532 4646 lucia
1547 4589 1595 4658 uti,

936 4682 1041 4735 utinam
1065 4695 1112 4733 eos
1132 4676 1268 4733 inveniam
1288 4684 1316 4734 ct
1335 4675 1389 4733 illic
1409 4677 1552 4752 lucemquo
1569 4686 1596 4736 ct
1622 4681 1700 4736 finem

1242 4833 1276 4886 82
1306 4839 1406 4882 mun·
1557 4767 1700 4840 [laborum.

936 4965 1018 5022 Sinus
1032 4963 1087 5019 adii
1102 4969 1130 5020 et
1143 4963 1217 5019 locos
1231 4969 1311 5019 terra
1323 4961 1490 5030 innumeros,

936 5056 1050 5111 thronos
1065 5051 1221 5126 pertransii,
1237 5051 1329 5123 regias
1343 5057 1506 5125 potestates,

937 5143 1053 5198 sednon
1068 5139 1187 5214 praeterii
1199 5137 1379 5194 tricubitalenr
1394 5157 1466 5194 nunc
1481 5141 1618 5213 lapidem:

934 5233 1012 5305 jaceo
1026 5235 1116 5286 autem
1129 5234 1251 5283 mortuus
1266 5243 1283 5282 a
1296 5225 1436 5284 laboribus
1453 5228 1575 5302 quietus,
