3866 6016
463 388 589 450 CAPUT
611 392 662 452 lll.
686 394 967 458 uPlGltnMMATn
988 401 1327 466 nunonstnnrlvn.

151 523 205 576 ἐκεῖ
215 539 245 576 τε
255 515 348 576 πολλὰ
363 516 461 576 λοιπόν
476 516 504 587 ἐξ
519 524 653 589 ἀπιστίας,
926 535 1034 612 illicque
1047 541 1139 598 multis
1153 543 1252 600 dehinc
1267 562 1301 600 ex
1315 545 1430 618 perfidia

149 603 295 686 τραξαντττ
307 611 409 686 αἰσχρὰ
423 606 498 666 δανὰ
513 608 742 691 δνσστὸσρρανως,
926 624 1006 682 factis
1019 627 1147 702 turpibus
1157 631 1302 689 horrendis
1316 634 1511 708 impia-mente,

151 696 248 752 ἐκεῖθεν
259 695 422 768 ἠλάσθησοιν
435 699 471 762 ὡς
485 701 647 759 ἀποστάται,
925 710 989 768 inde
1003 715 1110 788 expulsi
1125 725 1189 775 sunt
1202 727 1233 776 ut
1246 721 1410 778 desertores.

150 787 219 862 Πρός
231 787 282 855 τὴν
296 783 377 840 πόλιν
393 783 422 840 δὲ
434 790 483 853 τοῦ
498 791 614 864 κράτους
626 794 789 866 πεφευγότες
925 799 980 856 Sed
995 803 1030 857 ad
1044 803 1139 860 urbem
1152 805 1260 879 imperii
1274 810 1511 882 cum-effugerant,

148 877 197 960 φὺν
211 871 351 952 ἐξαφῆκεν
362 875 410 938 τὰς
422 873 558 951 ἀθέσμους
572 880 683 954 μωρίας.
925 905 979 942 non
994 891 1156 950 remiserunt
1169 894 1277 952 illicitas
1292 897 1431 954 stultitias.

149 962 215 1018 Οθεν
228 966 375 1040 γραφέντες
389 965 425 1027 ὡς
438 967 590 1042 κακοῦργοι
604 967 655 1036 τὴν
671 965 746 1032 θέσιν,
927 975 1005 1032 Unde
1018 977 1161 1054 inscripto,
1177 989 1207 1039 ut
1220 983 1374 1052 facinorosi,
1388 985 1477 1054 vultu,

147 1055 355 1130 κατακρίνονται
368 1053 415 1107 καί
430 1049 575 1109 διώκονται
588 1053 683 1114 πάλιν.
926 1063 1140 1124 condemnantur
1155 1076 1183 1126 et
1197 1070 1334 1144 pelluntur
1348 1089 1452 1128 rursus.

332 1195 400 1253 309.
425 1193 646 1252 ΘΕΟΦΑΝΟΥΣ.
1146 1213 1207 1268 309.
1227 1212 1468 1270 THEOPHANIS.

146 1319 188 1394 Τῷ
203 1313 285 1384 ζῶντι
297 1321 382 1396 νεκρῷ
396 1319 444 1372 καί
456 1321 542 1396 νεκρῷ
557 1317 705 1398 ζυηρόρῳ,
747 1314 750 1322 ’
927 1329 1036 1388 Viventi
1045 1340 1152 1390 mortuo
1167 1340 1195 1391 et
1208 1341 1315 1392 mortuo
1329 1336 1535 1408 vitam-ferenti,

146 1409 248 1462 νείοντι
260 1408 312 1477 τὴν
325 1410 390 1484 γῆν,
406 1409 453 1462 καί
465 1409 598 1464 πατοῦντι
610 1409 656 1463 τὸν
671 1407 771 1483 πόλον,
927 1417 1054 1476 incolenti
1069 1427 1180 1489 terram,
1193 1430 1220 1478 et
1234 1423 1349 1479 calcanti
1362 1423 1464 1496 polum,

148 1499 264 1575 Γρωπτοὶ
275 1501 412 1576 γράφουσι
427 1495 534 1572 δέσμιοι
547 1501 583 1574 τῷ
599 1495 712 1574 δεσμίῳ.
928 1505 1024 1580 Grapti
1038 1509 1079 1581 (id
1093 1515 1131 1566 cst
1145 1510 1280 1584 inscripti)
1294 1513 1428 1583 scribunt,
1441 1513 1525 1570 vincti
1539 1514 1639 1572 vincto.

348 1638 418 1696 310.
441 1636 629 1696 ΜΕΘΟΔΙΟΥ.
1175 1647 1442 1704 aro.ltETHOD11.

147 1762 214 1824 Τοὺς
227 1764 286 1824 ταῖς
302 1756 435 1835 βίάλοισιν
451 1762 573 1839 οὐρανῶν
587 1759 803 1838 κλησιγφάφους,
928 1767 980 1836 Qui
993 1767 1071 1824 libris
1089 1769 1215 1826 celorum
1228 1769 1525 1846 nominatim-inscripti
1537 1780 1611 1845 sunt,

147 1851 274 1926 καὶπρὸς
290 1852 402 1926 μέτωπα
416 1854 560 1927 σωφρόνως
575 1851 758 1926 ἐστιγμένους,
928 1861 956 1912 et
970 1855 998 1910 in
1012 1855 1148 1912 frontibus
1163 1865 1238 1914 casto
1253 1857 1365 1932 signati,

147 1942 291 2015 προσεῖπεν
305 1939 319 1994 δ
335 1934 476 2006 ζώθαττος
490 1939 526 2002 ὡς
540 1935 727 2014 συνδεσμίους,
927 1951 989 1992 suos
1000 1935 1101 1993 salutat
1113 1937 1401 2012 vivus-ille·sepultus‚
1416 1947 1447 1996 ut
1460 1941 1688 2015 puriter-vinctos.

330 2079 399 2136 3ll.
421 2076 639 2136 ΑΔΕΣΠΟΤΟΝ.
1181 2081 1242 2136 δίί.
1263 2081 1440 2139 ΑΝΟΝΥΜΙ.

146 2201 292 2277 Τέρτμνον,
310 2201 391 2278 όνπερ
406 2202 574 2279 ὡραϊσμόνον
593 2199 712 2276 βλέπεις,
927 2200 1039 2256 Tectum
1053 2200 1126 2274 quod
1140 2199 1297 2258 decoratum
1311 2201 1399 2270 vides,

146 2286 288 2352 Βασίλειος
301 2291 426 2366 τίτευχεν
441 2291 471 2344 ἐκ
487 2286 595 2366 βάθρων
610 2287 698 2364 πόθῳ.
928 2288 1046 2344 Basilius
1060 2287 1177 2345 confecit
1187 2305 1222 2344 ex
1237 2289 1420 2346 fundamentis
1434 2307 1495 2346 cum
1505 2308 1606 2348 amore.

147 2377 244 2453 Δίχοιο
258 2374 333 2432 τόνδ’
349 2377 418 2452 ἐμοῦ
433 2379 504 2445 πονή
510 2396 594 2452 ματος
608 2373 707 2452 δόμον,
926 2375 1054 2449 Accipias
1065 2375 1168 2432 hanooe
1180 2392 1216 2433 cx
1229 2393 1289 2432 meo
1301 2375 1395 2434 labore
1409 2377 1528 2447 domum,

146 2466 175 2519 τὸ
189 2467 328 2542 γρήγορον
343 2468 399 2542 φῶς
412 2467 465 2519 τῶν
480 2463 543 2521 θεοῦ
559 2466 755 2542 αὐγασμάτων,
927 2464 1035 2538 turigii
1049 2480 1064 2520 o
1077 2463 1125 2520 lux
1138 2482 1174 2520 ex
1187 2463 1231 2521 dei
1246 2465 1449 2538 splendoribus,

88 2560 99 2604 t
148 2555 312 2630 άντεισάγων
330 2573 376 2630 μοι
392 2551 627 2630 ἀμπλακημάτων
641 2552 732 2613 λύσιν.
926 2551 1178 2609 vicissim-afferens
1193 2551 1260 2608 mihi
1274 2560 1448 2627 peecatorum
1462 2555 1656 2614 remissionem.

358 2695 503 2753 dli-dil.
525 2705 624 2752 Anno,
1186 2696 1312 2750 tlt-tlt.
1332 2705 1412 2748 ntis.
1432 2755 1435 2762 ,

364 2798 405 2852 Εἰς
417 2797 501 2848 εἰκόνα
514 2797 614 2864 άκριόῆ.
1156 2794 1185 2842 ln
1200 2792 1344 2859 imaginem
1351 2793 1460 2860 justam.

24 2869 26 2940 l
113 2930 137 2967 οι.
153 2909 278 2987 Οὐρανοῦ
295 2907 482 2984 ἑγκοιτίπαλτο
497 2911 544 2964 καί
558 2910 677 2986 ἔμπνοον
693 2907 769 2965 ἔθετο
785 2909 847 2964 εἰκὼ
927 2930 953 2968 α.
970 2911 1041 2968 Crelo
1056 2911 1170 2968 exsiluit
1182 2918 1211 2968 et
1223 2911 1374 2985 spirantem
1386 2911 1479 2986 posuit
1490 2911 1637 2986 imaginem

148 2995 242 3053 ἐνδάδι
255 2998 369 3075 Χριστός
384 2999 431 3068 ἑὴν
449 3001 581 3076 μητέρος·
597 3000 632 3062 ὡς
645 2995 674 3052 at
690 2997 786 3074 φίλων,
963 3000 1089 3059 Christus
1102 3018 1180 3058 suom
1192 3000 1231 3056 ibi
1241 3000 1337 3058 matris
1352 3019 1359 3059 ι
1376 3002 1511 3075 quomodo
1525 3000 1671 3058 amicorum

25 3087 26 3090 ’
112 3087 247 3164 devoted<
259 3090 343 3164 χορός
358 3083 435 3164 [ἐστι]
450 3083 612 3164 περισταδὸν
629 3083 746 3142 ἄλλοθεν
762 3083 847 3149 ἄλλοι
926 3091 1062 3166 quomodo
1080 3091 1217 3162 spiritalis
1232 3089 1332 3145 chorus
1350 3089 1508 3146 circumstat
1525 3089 1590 3144 hinc
1610 3089 1689 3157 alius,

146 3177 204 3252 χεὶρ
220 3173 321 3252 βροτίη
340 3172 449 3250 μεγάλοι
460 3173 581 3251 pedeure
595 3171 691 3230 τούσδε
706 3177 817 3236 τύπους.
1512 3177 1592 3249 [allus
1605 3177 1688 3247 illinc,

738 3323 859 3404 [ww
961 3283 1058 3324 manus
1072 3265 1194 3322 mortalis
1207 3265 1352 3339 magnifice
1366 3265 1538 3322 mentita-est
1549 3265 1662 3322 formas.

89 3413 139 3488 ιβ.
163 3399 198 3478 ὓς
219 3413 307 3470 πόλον
338 3409 501 3480 ἐξετάνυσσε
523 3416 571 3470 καί
593 3379 757 3491 όινδρομόηνδ
778 3369 873 3470 πλάσά
927 3421 952 3475 ό.
974 3417 1027 3487 Qui
1041 3418 1136 3474 caelum
1150 3416 1261 3474 extendi
1277 3423 1306 3472 et
1319 3415 1464 3472 humanam
1478 3415 1545 3470 finxi
1564 3415 1688 3486 formam,

148 3505 183 3568 τίς
194 3500 283 3580 δόμον
296 3500 461 3580 ἀνδρομέαιτ
472 3505 588 3580 χείροσιν
604 3504 789 3579 ίγγροίροραι.
962 3507 990 3562 in
1003 3505 1083 3562 domo
1097 3521 1157 3562 mea
1167 3504 1293 3560 humanis
1305 3503 1430 3560 manibus
1445 3503 1595 3560 describor.

112 3592 197 3646 Ταῦτα
209 3589 453 3667 δ’όμοῦτελίθων,
465 3586 682 3668 θιόιᾶμὸρατατ,
694 3588 871 3662 ὕσταταθνη·
928 3596 992 3652 llaec
1005 3601 1096 3652 autem
1111 3594 1175 3649 dum
1197 3591 1244 3658 fio,
1265 3591 1333 3648 deus
1354 3591 1529 3659 immortalis,
1551 3597 1689 3665 postremo

147 3681 256 3736 τλάττω
275 3678 432 3756 βουληθείς,
448 3676 608 3755 πλάττομαι
622 3679 657 3742 ὥς
672 3676 768 3737 ίθίλω.
805 3674 869 3755 [τ6ς,
961 3683 1036 3756 fingo
1051 3699 1111 3756 qum
1125 3680 1208 3748 volui,
1223 3680 1313 3754 fingor
1326 3687 1358 3736 ut
1373 3679 1444 3736 volo.
1543 3679 1687 3752 [mortalis

112 3849 136 3904 γ-
152 3813 186 3894 Os
202 3827 288 3907 δίφρῳ
303 3832 430 3906 πυρόεντι
445 3825 589 3905 ἐφίζομαι,
607 3829 636 3891 ὃς
650 3831 705 3903 φῶς
719 3829 797 3898 οἰκῶ,
925 3851 948 3889 c.
964 3832 1016 3901 Qui
1028 3831 1096 3888 solio
1110 3830 1197 3904 ignito
1211 3828 1325 3896 insideo,
1339 3829 1385 3903 qui
1395 3828 1485 3885 lumen
1499 3829 1604 3896 habito,

79 3937 101 3981 tt
147 3919 182 3982 τίς
196 3916 284 3994 δόμον
300 3914 368 3995 [εἶμι
385 3913 485 3995 βροτῷ]
499 3919 572 3994 χειρὶ
585 3919 800 3993 χαραττόμτνσς.
961 3921 989 3976 in
1004 3920 1113 3976 domum
1126 3935 1213 3974 neunt
1226 3918 1287 3974 veni
1301 3916 1408 3974 mortali
1422 3934 1504 3972 manu
1522 3917 1687 3990 descriptus.

114 4003 216 4082 θάμόεε
233 4009 273 4084 μή
286 4026 325 4070 τις
340 4002 431 4084 [ἐόντα
452 4001 491 4083 μ’]
508 4007 534 4059 lv
550 4000 729 4080 ἀγκαλίδεσσι
739 4001 868 4074 τιθήνης·
926 4010 966 4066 Ne
976 4008 1075 4064 mirere
1090 4006 1188 4080 aliquis
1202 4005 1328 4079 mequod
1343 4005 1394 4061 sim
1408 4004 1436 4060 in
1450 4003 1521 4060 ulnis
1535 4004 1670 4061 nutricis:

147 4096 192 4148 καὶ
204 4095 235 4149 τό
250 4095 312 4172 πρὶν
327 4096 461 4171 φερόμοιν,
477 4095 597 4170 γαστέρα
611 4088 635 4145 δ’
650 4087 724 4146 οἶκον
740 4091 807 4167 ἔχω.
961 4104 989 4153 et
999 4095 1063 4152 olim
1078 4095 1197 4164 ferebar,
1211 4094 1353 4167 sinumque
1369 4093 1478 4149 domum
1494 4092 1592 4148 habeo.
1695 4159 1699 4168 Ι

112 4425 135 4462 ει
147 4414 204 4464 inde
215 4415 299 4464 multa
310 4429 369 4464 curn
382 4414 546 4480 peregissent
559 4414 630 4464 mala
924 4414 987 4466 Caeli
1002 4413 1067 4464 colis
1079 4409 1124 4478 qui
1138 4411 1236 4475 templa
1249 4411 1310 4460 dum
1323 4419 1420 4460 terram
1434 4410 1507 4471 teris,

112 4496 183 4546 tidem
197 4503 320 4548 exuentes
331 4495 420 4562 impiis
432 4496 570 4546 sententiis
923 4497 1011 4550 Vinoti
1025 4496 1077 4548 ista
1089 4495 1177 4546 vincto
1192 4493 1291 4560 scripta
1302 4493 1365 4544 dant
1377 4493 1468 4558 scripti
1482 4494 1543 4544 duo.

112 4581 274 4634 eliminantur
287 4581 483 4645 transfugarum
494 4580 613 4630 crimine.
1567 4591 1594 4626 u.
1608 4591 1685 4627 onor.

112 4665 157 4721 Qui
169 4675 308 4732 postquam
322 4665 356 4716 ad
367 4666 459 4714 urbem
473 4664 574 4730 regium
588 4663 769 4728 confugerant,

113 4763 159 4798 non
171 4751 305 4800 desierunt
318 4749 386 4814 legis
400 4750 502 4798 hostem
516 4747 657 4798 insaniam.

113 4831 170 4882 Haec
182 4839 289 4900 propter
303 4847 351 4882 ora
362 4833 442 4882 noxia
455 4831 497 4881 his
510 4831 573 4897 picti
586 4829 655 4882 notis
1154 4819 1310 4884 llffl’mm
1323 4815 1455 4866 Wlffl-

112 4930 208 4967 ”stium
217 4917 347 4983 jubentur
360 4915 451 4981 ‘gredi
462 4915 494 4966 (¹0
510 4915 616 4964 flfllblffl·
700 4929 728 4963 ¹¹·
747 4925 869 4965 ΟΜΝ·
924 4929 978 4980 Vos
993 4927 1094 4994 scripta
1108 4942 1217 4992 quorum
1231 4925 1338 4977 nomina
1352 4923 1379 4975 in
1394 4925 1453 4976 caeli
1466 4923 1551 4989 libris,

113 5033 164 5084 tlt.
178 5035 285 5087 illoram
295 5037 342 5104 qui
351 5049 432 5101 capro
447 5033 583 5085 niemoruti
594 5033 622 5084 io
633 5033 706 5096 sonte
713 5035 871 5097 punctorium
924 5020 952 5065 ⁰2
964 5012 1038 5064 fl⁰¹¹⁸
1051 5011 1140 5062 ⁰⁰¹0l'0
1154 5010 1224 5105 ilfi&
1235 5009 1420 5106 ἀνθίῑῐῃῡνῑθ.

127 5119 161 5168 ag
172 5120 329 5170 Memfim
342 5117 522 5186 pam-archam
537 5120 702 5170 monumento
714 5115 853 5168 mamm·
924 5097 1013 5150 vivens
1025 5095 1143 5164 sepultus
1156 5101 1258 5146 vinctus
1272 5095 1329 5148 heo
1342 5101 1437 5146 vinctis
1449 5093 1551 5160 loquor.

114 5225 167 5278 'l'ibi
177 5239 295 5282 mortuus
309 5229 353 5298 qui
366 5229 431 5281 vivis
445 5235 472 5280 et
485 5227 556 5280 vivos
569 5225 642 5290 facis,

1202 4699 1259 4748 tlt.
1279 4711 1415 4748 uernoorr.

1561 5203 1588 5242 ΙΙ.
1607 5203 1689 5241 (δίδοτε
