3818 6012
233 395 270 452 16
537 385 543 398 '
694 395 953 456 ANTHOLOGIAE
974 396 1125 457 GRAECAE
1145 399 1373 458 APPENDlClS

275 525 335 582 αἵδε
349 531 396 582 καί
411 511 531 582 δ’λλασιν
548 525 717 583 δουλοσύναν
734 529 843 606 ἔπορον,
1096 527 1141 583 isti
1154 545 1263 601 quoque
1278 526 1380 584 Grecis
1395 531 1555 588 servitutem
1568 535 1694 588 attulere.

237 615 291 671 Νῦν
306 613 335 670 δὲ
350 617 412 677 Διὸς
425 619 481 669 ναῶ
496 617 560 669 ποτὶ
574 617 665 679 κίονας
679 617 785 692 ὀρφανὰ
800 619 886 671 κεῖται
1061 617 1237 673 Nunoautem
1246 617 1323 672 Jovis
1333 618 1427 691 templi
1440 619 1573 676 columnis
1587 621 1697 680 deserta
1704 624 1848 699 adjacent
1895 621 1896 696 ἶ

276 706 324 768 τὰς
342 703 549 782 μεγαλαυχήτω
565 702 654 760 σκῦλα
669 701 849 766 Μακεδονίας.
1096 706 1222 779 superbae
1237 705 1326 780 spolia
1340 707 1516 764 Macedoniae.
1895 705 1896 786 i

528 860 596 918 llll.
618 864 714 916 Allo,
1354 867 1413 918 llo.
1435 875 1536 916 aurun.
1699 912 1827 982 [ventam

227 991 259 1047 Ἡ
278 989 356 1068 μάλα
370 989 406 1063 δὴ
422 990 561 1048 ποθέουσα
575 995 638 1047 νέαν
655 992 694 1045 έτι
708 987 810 1046 Κυδίου
826 987 899 1062 ἥθην
1060 994 1146 1052 Valde
1160 995 1271 1070 quidem
1286 996 1447 1054 desiderans
1461 1015 1561 1054 novam
1576 999 1666 1055 adhuc
1681 999 1774 1073 Cydias
1788 953 1842 1072 ju:
1895 985 1896 1058 i

277 1083 356 1145 ἀσπίς
370 1078 505 1160 ἀριζήλου
521 1085 618 1159 φωτός,
638 1077 755 1156 ἄγαλμα
771 1081 822 1144 Διί,
1097 1091 1204 1142 scutum
1218 1087 1493 1145 multum-emulandi
1506 1088 1635 1158 hominis,
1649 1089 1841 1146 oblectamen·
1895 1095 1896 1138 ί

236 1167 268 1235 ἇς
282 1167 328 1225 διὰ
343 1168 378 1240 δὴ
392 1175 499 1248 πρώτας
512 1168 592 1226 λαιόν
608 1189 675 1224 ποτε
690 1171 783 1246 πῆχυν
800 1169 909 1258 ἔτετμεν,
1543 1178 1614 1250 [tum
1629 1177 1840 1250 Jovi1cdjqceo,

277 1255 331 1314 εὖτ’
349 1261 394 1314 έπί
406 1261 452 1314 τὸν
468 1257 594 1314 Γαλάταν
609 1260 721 1334 ἤκμασε
738 1256 834 1335 θοῦρος
847 1259 931 1337 Αρης.
1060 1280 1110 1338 per
1122 1263 1195 1337 quod
1211 1264 1328 1338 primum
1343 1265 1440 1322 levum
1455 1266 1518 1323 olim
1532 1266 1654 1323 cubitum
1667 1266 1799 1332 intendit,

1096 1371 1158 1410 oum
1174 1352 1202 1410 in
1215 1353 1322 1412 Gallum
1336 1356 1423 1414 valuit
1435 1373 1499 1412 acer
1511 1357 1631 1413 Mavors.
1895 1349 1896 1362 ¹

1355 1510 1383 1564 ίί
1394 1512 1415 1563 l.
1436 1519 1534 1562 aaron.

237 1809 320 1880 Πεζοὶ
335 1809 359 1867 δ’
375 1815 473 1884 ἱππῆές
484 1835 512 1868 τε
526 1818 607 1892 γέρας
621 1813 713 1880 θέσαν,
731 1815 777 1878 οὓς
791 1817 926 1892 προέηκεν
1062 1815 1173 1873 Pedites
1184 1823 1274 1873 autem
1290 1816 1452 1890 equitesque
1467 1817 1608 1890 praemium
1620 1834 1748 1890 posuere,
1761 1833 1840 1890 quoe
1895 1813 1896 1872 i

278 1899 366 1979 δᾶμος
380 1903 394 1957 ό
409 1903 536 1958 Βοιωτῶν
550 1902 631 1958 τοῦδε
647 1903 706 1982 μεθ’
721 1906 858 1981 ἁγεμόνος
1097 1905 1215 1979 populus
1226 1906 1395 1973 Boeotorum,
1408 1906 1492 1962 hocce
1503 1923 1565 1963 cum
1575 1906 1644 1962 duce
1687 1905 1841 1980 [premisit
1895 1901 1896 1950 ἶ

208 1992 404 2070 δρυσομένους
418 1976 553 2058 θπόεντα,
572 1991 657 2070 βαρὺν
674 1991 698 2047 δ’
714 1995 769 2048 ἀπὸ
786 1990 887 2071 δεσμὸν
902 1991 1007 2057 ἑλόντες
1061 1994 1225 2051 liberaturos
1240 1995 1388 2068 Opuntem,
1404 1993 1482 2068 gravi
1497 2003 1590 2052 autem
1603 1995 1711 2052 viuculo
1726 1995 1838 2062 ablato,
1895 2021 1896 2068 ;

278 2083 397 2158 ρρουρᾶς
410 2081 539 2160 Λοκροῖσι
553 2077 649 2148 τεῦξαν
666 2080 834 2162 ἐλευθερίαν.
1097 2100 1112 2138 e
1126 2082 1251 2138 custodia
1266 2081 1359 2138 Locris
1375 2081 1464 2139 lecere
1478 2082 1643 2140 libertatem.
1895 2071 1896 2082 ¹

515 2233 583 2293 111.
608 2242 705 2290 anno.
976 2243 979 2250 ·
1355 2236 1414 2289 tls.
1435 2244 1533 2287 aurun.

236 2351 363 2444 δσθ]λοῖς
372 2366 403 2420 ού
417 2369 497 2422 κενεὰ
509 2367 733 2448 μόχθωνωάρις·
748 2369 814 2445 ἔργα
824 2362 1006 2446 [δ]ὲχειρ[ῶν]
1062 2364 1146 2422 Bonis
1160 2383 1215 2423 non
1228 2382 1300 2422 vana
1313 2366 1437 2423 laborum
1450 2367 1560 2440 gratia:
1574 2381 1660 2439 opera
1672 2371 1762 2422 autem
1778 2382 1840 2419 ma·

276 2459 324 2519 τᾶς
337 2451 461 2603 ηνχώμας
478 2455 569 2532 μύθων
584 2457 690 2514 πολλόν
705 2459 890 2534 όιραυρότεροιΙ
1096 2455 1196 2512 mentis
1210 2455 1303 2512 verbis
1317 2456 1402 2512 multo
1417 2455 1573 2512 debiliora:
1738 2455 1839 2526 [nuum
1895 2471 1896 2488 ³

238 2543 277 2609 οἷς
290 2542 347 2623 καὶ]
387 2548 535 2623 χεστριίτου
552 2548 608 2610 υίὸς
623 2549 649 2601 έν
666 2548 786 2601 ἀστοῖσιν
803 2543 974 2623 Ξενόφαντος
1062 2543 1162 2618 quibus
1175 2550 1204 2600 et
1216 2545 1358 2618 Agestrati
1371 2543 1443 2600 filius
1455 2545 1526 2600 inter
1542 2545 1616 2601 cives
1630 2543 1840 2617 Xenophantus
1895 2531 1896 2594 i

276 2633 334 2714 sal]
350 2631 446 2700 ξείνοις
459 2637 555 2713 ἀρετᾶς
570 2632 634 2701 ἄξια
648 2633 731 2691 πόλλ’
748 2635 845 2710 ἔκαμε.
1098 2639 1126 2689 et
1138 2639 1268 2688 externos
1282 2633 1383 2690 virtute
1400 2633 1485 2707 digna
1501 2634 1587 2690 multa
1601 2633 1677 2689 fecit.
1729 2633 1837 2704 [suere

209 2735 224 2784 5
238 2723 336 2804 ‘blasti
347 2725 394 2780 καί
406 2726 433 2779 οἱ
444 2729 545 2779 ταύταν
557 2729 654 2780 νόστου
670 2729 751 2803 χάριν
769 2727 861 2780 εἰκόνα
876 2720 973 2790 θέντες,
1062 2721 1164 2778 Dicunt
1173 2728 1201 2778 et
1210 2721 1256 2794 qui
1267 2722 1348 2791 hano,
1358 2722 1464 2778 itineris
1480 2723 1609 2795 gratiam,
1621 2720 1769 2795 imaginem
1786 2737 1841 2793 po-

275 2811 374 2891 τ]αῦτα
389 2815 436 2870 καὶ
448 2811 575 2870 εὐκλειῶν
590 2817 744 2892 γράμματα
759 2810 901 2892 Πιερίδων.
1098 2816 1127 2867 et
1139 2810 1191 2867 has
1206 2809 1388 2882 gloriosarum
1402 2809 1510 2867 litteras
1525 2811 1675 2867 Pieridum.

538 2967 606 3026 113.
627 2974 727 3024 anno.
1355 2971 1416 3024 lta.
1438 2975 1538 3018 aarum

238 3101 321 3155 Βαιόν
335 3099 496 3180 ὁδοιπορίης
509 3103 548 3158 ἔτι
561 3101 694 3160 λείπεται·
714 3101 789 3160 ἀλλὰ
803 3102 869 3180 πρός
883 3097 963 3164 αἶπος
1062 3101 1178 3158 Paulum
1190 3100 1295 3158 itineris
1308 3101 1365 3174 jam
1381 3105 1523 3174 superest;
1541 3098 1591 3154 sed
1605 3097 1641 3154 ad
1653 3112 1791 3153 summum

276 3189 327 3259 τὴν
343 3187 441 3266 ὀλίγην
457 3193 562 3256 ἀνύσεις
576 3194 723 3270 ἀτραπιτὸν
740 3190 839 3247 διέπων
1097 3207 1209 3264 parvam
1224 3190 1352 3246 conficies
1366 3190 1439 3247 mam
1455 3188 1581 3262 dirigens

236 3277 328 3354 χειρός
342 3277 388 3354 ἀρ’
404 3278 544 3355 ἡμετέρης
557 3277 650 3351 λαιῆς,
666 3275 734 3344 ξένε·
751 3279 824 3354 κάμέ
838 3275 987 3354 προσείσας
1061 3297 1142 3335 manu
1158 3279 1193 3336 ab
1207 3285 1303 3334 nostra
1317 3278 1440 3345 sinistra,
1456 3279 1560 3351 hospes
1576 3295 1581 3332 :
1599 3275 1708 3333 etmihi
1724 3273 1801 3332 dieto

275 3368 393 3444 χαίρειν,
411 3368 565 3444 είσστεέχεις
579 3370 646 3446 πρὸς
661 3366 752 3445 ριλίου
768 3371 881 3443 τέμενος
1096 3368 1167 3434 vale,
1181 3366 1336 3440 ingrederis
1351 3367 1387 3426 ad
1401 3367 1481 3423 amici
1495 3381 1718 3424 nemus-sacrum
1895 3423 1896 3436 ρ

209 3454 327 3530 ςῆρωος
340 3437 498 3530 Ᾰντιγόνου.
516 3457 625 3512 Μοῦσαι
639 3454 669 3511 δέ
684 3477 727 3512 σοι
743 3457 766 3510 εἰ’
780 3475 806 3510 τι
817 3458 945 3530 νέμουσιν
1061 3456 1154 3512 herois
1168 3455 1310 3529 Antigoni.
1327 3456 1414 3512 Musae
1428 3473 1494 3511 vero
1510 3455 1533 3510 si
1549 3455 1614 3528 quid
1630 3454 1680 3510 tibi
1696 3453 1826 3509 tribuunt
1895 3441 1896 3484 i

277 3539 385 3608 ἐσθλόν,
403 3543 575 3622 ἀπάρχεσθαι
591 3543 717 3624 δαίμοσιν
734 3548 764 3602 έκ
776 3543 902 3622 μελέτης·
1097 3543 1172 3612 boni,
1186 3543 1413 3618 primitias-solve
1429 3543 1482 3599 diis
1497 3543 1626 3599 munibus
1641 3540 1761 3613 diligens
1780 3557 1787 3595 :
1895 3535 1896 3568 ³

236 3633 349 3708 καὶγὰρ
365 3629 496 3687 ἀοιδοῖστν
516 3632 623 3712 θυμέλη
637 3638 684 3691 καί
696 3635 781 3707 σηκὸς
793 3632 838 3689 ὑπ’
853 3633 932 3708 ἄγκει
1062 3633 1162 3689 etenim
1174 3632 1265 3705 poetis
1279 3632 1400 3706 thymele
1414 3637 1453 3688 est
1468 3637 1496 3688 et
1510 3637 1619 3704 septum
1634 3630 1687 3686 sub
1703 3629 1775 3685 valle

274 3723 312 3793 τῷ
329 3719 456 3796 έπιγόνου
472 3725 562 3798 κούρῳ
579 3716 657 3786 ξυνὸς
671 3719 854 3799 όμευνετίδος,
1096 3721 1208 3794 epigoni
1222 3720 1279 3777 filio
1294 3737 1436 3776 commune
1450 3737 1512 3776 cum
1527 3736 1624 3788 uxore,
1721 3717 1829 3790 [laestra
1895 3717 1896 3748 ³

235 3809 283 3861 καί
297 3804 399 3884 δρόμος
409 3806 542 3878 ἠιθέοισιν
564 3807 684 3888 ἱδρύεται
698 3808 750 3880 ἠδέ
767 3808 923 3886 παλαίστρη
1061 3818 1089 3866 et
1103 3809 1267 3866 curriculum
1281 3807 1503 3865 adolescentibus
1521 3807 1663 3876 statuitur,
1679 3812 1764 3879 atque
1788 3825 1838 3880 pa·
1895 3851 1896 3874 ,

193 3907 221 3956 lo
275 3894 379 3973 λουτρά
395 3916 423 3951 τε
438 3899 485 3953 καί
498 3902 588 3976 ταρσῷ
606 3901 663 3954 Πὰν
680 3901 694 3954 ό
713 3895 902 3976 μελιζόμενος.
1099 3897 1251 3970 balneaque
1267 3905 1294 3954 et
1311 3896 1568 3971 digitorumordine
1582 3897 1641 3952 Pan
1656 3895 1842 3969 qui-modula·
1895 3891 1896 3962 ζ

235 3967 303 4040 Ᾰλλ’
319 3985 415 4056 ἀσινὴς
429 3987 509 4065 ἔρχευ
522 3991 569 4044 καὶ
584 3987 632 4043 ἀπ’
647 3971 786 4066 Ᾰρκαδίης
800 3986 965 4063 τεμενουρδν
1768 3984 1839 4054 [tur.
1895 4009 1896 4018 2

275 4059 373 4151 Ιῗρμῆν
389 4076 421 4130 ού
439 4075 544 4152 μέμψει
558 4079 675 4154 τρηχέος
687 4078 718 4132 έκ
732 4077 847 4134 Φενέου.
1062 4077 1164 4132 Verum
1180 4076 1279 4131 illaesus
1292 4074 1371 4144 vade,
1385 4081 1413 4131 et
1425 4075 1460 4132 ab
1472 4073 1592 4130 Arcadia
1604 4071 1843 4146 sacri-septiens-
1895 4101 1896 4142 3

1730 4160 1841 4229 [todem

1099 4257 1264 4313 Mercurium
1279 4274 1334 4313 non
1349 4255 1489 4312 incusabis
1504 4271 1604 4328 aspero
1619 4271 1654 4309 ex
1669 4252 1794 4308 Pheneo.
1895 4259 1896 4306 ί

455 4408 523 4467 lll.
548 4408 783 4466 llehhlllaxol.
1285 4403 1344 4458 111.
1366 4400 1598 4458 CALLIMACHI.
1772 4445 1841 4516 [Μ’

235 4540 415 4616 numam,
429 4541 564 4618 Ζεφυρῖτι,
579 4539 756 4619 παλαίτερον·
771 4537 845 4595 ἀλλὰ
858 4540 945 4595 σὺνύν
959 4555 1002 4612 με,
1063 4537 1174 4596 Concha
1188 4553 1252 4608 ego,
1273 4533 1425 4610 Zephyriti,
1444 4534 1521 4609 prius
1541 4551 1632 4603 erum,·
1649 4532 1699 4589 sed
1717 4537 1748 4588 tu
1765 4551 1843 4589 nunc
1895 4621 1896 4624 ρ

268 4783 353 4837 scuta,
366 4777 461 4843 quibus
476 4779 558 4829 subiit
572 4779 676 4829 Graecia
690 4778 760 4829 vieto
771 4779 879 4844 jugum;
1097 4777 1180 4842 Cydia
1194 4779 1264 4842 quod
1279 4777 1369 4843 gessit,
1384 4793 1454 4828 nunc
1468 4777 1548 4827 decus
1560 4782 1617 4826 esto
1631 4775 1700 4824 Jovi.

235 4864 301 4913 orba
313 4862 378 4914 viris
391 4862 507 4928 pendent
520 4863 620 4928 templo
634 4865 648 4914 J
652 4863 717 4924 ovis,
733 4870 796 4929 apta
809 4861 948 4916 columnae,
1063 4863 1137 4920 Quod
1148 4861 1213 4912 laevo
1228 4862 1317 4912 cubito
1332 4861 1460 4927 trajectus
1475 4861 1501 4910 in
1518 4860 1624 4926 agmine
1639 4859 1726 4924 primo
1895 4923 1896 4926 ρ

268 4947 387 4998 detracta
400 4963 417 4998 a
428 4947 536 4998 tumidis
548 4961 623 4998 arma
636 4945 834 4997 Macedonibus.
937 4957 964 4992 π.
980 4957 1004 4991 u·
1095 4947 1230 5013 pugnavit,
1244 4963 1304 4998 curn
1318 4948 1391 4998 Mars
1405 4947 1481 4998 irruit
1495 4946 1522 4996 in
1537 4947 1658 4997 Galatas.
1761 4959 1791 4994 n.
1813 4961 1841 4996 σ.
1895 5001 1896 5032 ρ

541 5069 598 5118 llll.
617 5083 704 5118 saruc.
1319 5069 1376 5118 lll.
1396 5083 1564 5120 cassinium.

307 5171 338 5222 ln
351 5169 439 5236 clypeo
454 5171 553 5236 θρόνα,
568 5173 688 5222 dedicato
703 5169 761 5219 Joui
774 5167 930 5218 Liberatori.
1326 5170 1366 5220 De
1379 5173 1471 5224 navita
1481 5173 1560 5237 pisce.

234 5280 334 5332 AEtatis
343 5280 470 5346 juvenilis
485 5297 560 5332 amor
572 5281 714 5346 tutelaque,
731 5286 833 5330 scutum
1064 5279 1170 5328 Concha
1184 5278 1230 5340 lui,
1243 5280 1387 5346 Zephyriti,
1400 5289 1475 5334 vetus
1489 5298 1495 5333 ι
1512 5285 1558 5337 sed
1572 5301 1642 5338 nunc
1657 5285 1704 5337 tibi
1720 5285 1842 5352 primum
1895 5289 1896 5328 t
