3882 6080
686 443 724 500 ΙΝ
746 440 870 500 CAPUT
892 440 931 498 lv
952 437 1183 499 ANNOTATIO.

144 575 224 626 Ceri.
244 591 268 624 ν.
290 574 324 624 cl.
345 571 632 623 Ambr.·Firm.·Didct.
652 571 717 620 Alde
741 573 851 620 Manuce
875 584 907 618 ου

144 642 321 692 ίἨαίίέιιίτπια
334 639 350 689 δ
365 639 463 699 Venire,
476 655 502 702 p.
518 641 574 696 262,
589 645 642 687 not.
661 641 671 684 1
690 652 696 685 :
711 658 723 682 ο
739 637 777 684 Le
790 635 862 698 piece
876 635 907 682 tle

145 702 210 757 vers
223 708 255 757 de
269 706 335 755 Paul
347 703 496 755 Silentiaire
509 711 548 752 est
560 719 590 752 en
603 702 790 760 demi-lambec,
804 715 862 749 vers
876 700 907 748 de

146 781 210 837 sept
216 771 338 888 pyllcbesl
345 770 509 884 “nleme'it'd
513 769 647 882 Aldetffltu
660 766 908 880 dmir‘tiiiomitiii

145 854 197 888 sur
234 853 281 886 eux
298 851 328 886 co
341 850 464 893 enneae
512 850 559 883 ens
589 849 620 883 cu
635 849 662 882 es
681 847 722 882 ses
743 847 757 880 e
776 847 804 879 tt
824 847 840 880 n

146 909 211 954 sont
229 900 296 952 ainsi
313 901 446 966 disposis3
463 900 529 949 mais
544 901 593 949 Ph.
610 900 698 956 Junte,
714 913 745 947 en
764 897 803 945 les
822 895 910 961 impri-

146 977 225 1019 mant
243 983 288 1018 sur
302 981 354 1016 une
372 966 443 1016 seule
461 967 579 1022 colonne,
599 979 632 1013 eu
652 963 703 1012 lieu
724 962 756 1011 de
775 962 865 1026 placer
884 961 908 1010 le

125 1039 131 1052 ¹
147 1033 264 1099 premier
275 1047 334 1082 vers
344 1031 377 1082 de
389 1030 416 1080 la
427 1031 537 1080 seconde
549 1031 658 1079 colonus
669 1029 746 1094 apres
760 1027 785 1077 le
797 1025 910 1091 premier

146 1115 210 1148 vers
221 1099 252 1148 de
263 1099 291 1148 le
302 1094 439 1162 premiere.
455 1104 481 1146 et
494 1095 562 1146 ainsi
576 1095 696 1154 demite,
710 1093 785 1158 pleps
799 1100 869 1142 toute
883 1091 910 1141 la

147 1165 262 1214 seconde
277 1163 386 1212 colonus
404 1163 420 1211 a
435 1160 462 1211 la
477 1160 544 1211 suite
562 1161 593 1209 de
606 1162 633 1210 la
649 1157 788 1226 premiere,
800 1164 825 1206 et
840 1155 908 1207 ainsi

147 1231 184 1280 de
197 1229 262 1279 suite
277 1243 343 1292 pour
353 1227 392 1276 les
406 1232 494 1276 autres
506 1239 595 1288 peges.
610 1223 700 1288 (isqui
715 1230 755 1272 est
765 1221 910 1272 extraordi-

148 1295 234 1354 naire,
251 1293 315 1344 c'sst
330 1292 408 1358 qu'cn
426 1291 463 1341 lut
483 1292 631 1354 longtemps
651 1295 667 1340 6
685 1286 858 1353 s'eperoevoir
877 1287 909 1336 ‹le

148 1369 220 1410 cette
239 1374 329 1410 erreur
347 1355 472 1408 commiss
492 1371 541 1420 par
559 1357 588 1404 P.
607 1357 695 1411 Junte,
715 1363 740 1403 et
760 1351 909 1417 reproduite

170 1441 201 1475 ar
212 1425 288 1476 Josse
302 1425 375 1474 Bade
388 1429 414 1472 et
428 1437 475 1487 per
490 1421 572 1472 Henri
591 1419 714 1470 Estiennc
733 1419 749 1468 6
763 1417 848 1476 Paris,
862 1431 910 1483 par

149 1443 253 1540 i'roben
272 1493 287 1538 a
303 1483 634 1548 suessoniensem
651 1486 765 1535 ‹lonnees
781 1499 829 1548 pat·
844 1483 909 1534 Bro-

149 1557 223 1606 daeus
237 1561 263 1605 et
277 1552 411 1614 Gelenius,
428 1561 454 1602 et
467 1567 516 1618 par
529 1551 638 1600 Wechel
653 1549 828 1600 tFrnnciort.
842 1549 909 1598 G'est

149 1623 176 1671 le
195 1629 287 1670 serant
303 1620 382 1676 Huct,
401 1619 497 1682 eisque
510 1617 695 1674 d’hvranches‚
711 1615 754 1680 qui
768 1614 872 1679 sigusia
885 1614 910 1663 le

150 1687 266 1750 premier
282 1691 350 1734 cette
368 1698 468 1733 erreur.
487 1684 507 1733 ll
526 1691 566 1732 est
584 1681 743 1746 regrettable
761 1696 810 1745 que
828 1678 910 1730 Henri

150 1750 284 1809 Estienne,
303 1747 357 1814 qui,
375 1750 441 1798 dens
460 1763 507 1799 sou
526 1746 711 1798 commentaire
731 1761 776 1796 sur
793 1743 911 1795 l'edition

149 1818 182 1864 ‹le
197 1813 373 1880 l'hnthologie
386 1813 449 1880 qu’il
462 1829 479 1864 a
496 1814 606 1872 donnes,
621 1811 673 1862 cite
686 1819 794 1861 scuvent
806 1810 831 1860 le
843 1817 911 1860 texte

150 1883 253 1940 d'Alde,
266 1881 304 1930 uit
314 1879 419 1945 neglige
430 1880 462 1930 de
475 1879 500 1928 le
511 1879 661 1928 contronter
672 1893 738 1942 pour
748 1885 815 1926 cette
827 1877 909 1941 plece,

150 1957 176 1995 et
191 1947 244 1996 s'en
259 1945 444 2010 soitrappcrte
459 1959 507 1993 nux
522 1943 632 1994 editions
647 1943 777 2000 delunte,
790 1942 911 1991 delesse

150 2014 223 2061 Βατία
239 2019 265 2060 et
282 2013 314 2060 ‹le
329 2011 442 2060 Froben.
457 2011 477 2058 ll
496 2017 536 2058 est
549 2007 604 2058 urai
619 2023 668 2072 que
683 2008 707 2057 le
726 2007 911 2057 commentaire

150 2079 183 2126 de
206 2075 285 2126 llenri
307 2075 431 2125 Estienne
451 2076 559 2124 s'arrete
580 2075 645 2124 dans
667 2088 713 2122 son
735 2071 833 2122 edition
851 2074 867 2122 6
885 2073 911 2122 la

152 2158 219 2206 page
232 2144 288 2200 titt,
304 2149 330 2190 et
346 2156 396 2205 que
412 2141 436 2188 le
457 2141 522 2204 petit
540 2141 631 2204 poeme
648 2138 682 2188 du
696 2139 863 2189 silentiarius
878 2153 911 2187 ne

151 2222 303 2256 commence
316 2221 365 2270 que
384 2205 449 2255 deux
469 2219 549 2269 peges
567 2206 625 2269 plus
639 2204 702 2254 loin.
720 2203 749 2254 Si
768 2203 849 2254 ilenri
863 2203 910 2252 lis-

150 2273 238 2322 tienne
252 2274 295 2322 etit
311 2271 432 2321 continue
448 2285 495 2320 son
510 2269 705 2326 commentaire.
719 2271 738 2318 il
752 2277 793 2320 est
811 2268 911 2319 certain

151 2339 213 2404 qu'il
230 2353 259 2387 se
275 2335 356 2388 serait
371 2351 468 2404 aperpu
486 2338 518 2387 de
535 2343 603 2386 cette
621 2335 748 2400 meprise;
761 2333 829 2384 meis
840 2332 859 2383 il
871 2341 911 2384 est

151 2405 277 2469 probabis
295 2418 345 2467 que
363 2402 501 2467 quelqu'un
523 2402 555 2451 de
578 2417 621 2452 ses
644 2401 777 2464 frequente
798 2413 911 2463 voyages

150 2485 216 2519 nura
228 2469 369 2518 sorcement
383 2467 430 2518 tait
443 2483 530 2518 cesser
544 2481 574 2516 sa
585 2465 753 2531 cooperaticn
767 2480 799 2514 en
813 2471 855 2514 cet
866 2479 911 2514 en·

151 2533 230 2584 droit.
244 2537 285 2583 Au
301 2543 380 2594 reste,
394 2533 412 2582 il
429 2533 484 2583 seut
495 2532 659 2583 reconnaitre
676 2547 736 2595 que,
748 2545 797 2595 per
811 2544 848 2580 un
861 2529 913 2579 sin·

150 2600 237 2664 gulier
249 2600 354 2659 hasard,
369 2599 393 2648 le
403 2615 463 2648 sens
476 2613 510 2648 ue
521 2613 550 2647 se
562 2605 652 2648 trouve
667 2611 714 2661 pas
726 2594 912 2646 sensiblement

151 2666 254 2715 trouble
274 2681 321 2730 por
339 2673 406 2714 cette
423 2662 604 2716 interversion.
623 2681 637 2708 ι
652 2663 741 2726 Longe
755 2661 809 2711 elia
823 2660 912 2711 Huetii

149 2731 281 2781 sententia
297 2736 337 2779 est
354 2730 386 2779 ds
402 2730 452 2780 hoc
470 2745 590 2779 versuum
610 2727 756 2778 interverso
769 2725 871 2788 ordine,
886 2733 912 2777 et

151 2801 255 2847 ιαιιίοπι
276 2796 411 2860 ρτσθιοιιιι·
431 2810 459 2844 se
481 2809 569 2844 rerum
591 2795 705 2844 omnium
726 2805 758 2843 ac
776 2792 912 2843 seriorum

146 2859 371 2928 perturbationem
383 2859 505 2920 sensisse,
519 2865 549 2910 ut
562 2858 743 2925 inexplicabile
755 2873 819 2924 οριιι
830 2861 912 2909 uisum

148 2931 195 2978 sil.

185 3022 200 3048 ι
223 3001 330 3068 Lemma
354 3001 487 3066 praefixum
513 3006 645 3050 auctorem
679 2997 778 3049 indicat
801 2997 912 3048 Paulum

149 3067 331 3118 silentiarium
352 3081 359 3116 ι
382 3066 450 3131 quod
468 3073 627 3130 postremum
645 3066 799 3115 vocabulum
817 3079 912 3114 nomen

150 3133 202 3182 t'uit
221 3131 356 3196 dignitatis
382 3130 452 3181 sacri
472 3129 795 3192 Palatii;silsntiuriorum
817 3144 912 3180 munus

149 3199 201 3248 t'uit
212 3199 339 3248 excubare
355 3196 383 3246 in
395 3198 515 3262 Augusta
530 3197 617 3254 domo,
633 3203 660 3246 et
673 3197 805 3246 silentium
819 3210 912 3262 procu·

149 3279 221 3314 rnre.
237 3263 316 3313 Libro
332 3263 379 3312 llll
396 3263 508 3322 Codicis,
523 3261 615 3312 titulus
631 3263 684 3328 (16)
698 3264 809 3312 habetur
824 3263 857 3312 ds
871 3260 910 3312 Si-

150 3329 282 3379 lentiuriis
299 3335 326 3378 et
342 3327 542 3378 Decurionibus.
558 3326 631 3378 Vixit
647 3329 745 3378 Paulus
767 3328 812 3377 ille
829 3328 910 3378 iusti-

150 3395 226 3444 niani
243 3394 412 3458 temporibus,
432 3401 462 3444 ut
479 3394 555 3442 docet
576 3408 624 3442 nos
648 3393 776 3458 Agathias
798 3393 855 3458 (lib.
876 3394 909 3450 V,

150 3479 179 3526 p.
197 3463 242 3509 tsi
261 3461 323 3524 sq),
336 3458 379 3524 qui
398 3469 425 3510 et
442 3473 524 3524 genus
542 3458 622 3518 illius,
642 3474 706 3522 opes
724 3467 750 3508 et
764 3457 910 3508 doctrinam

148 3526 262 3576 mirifice
283 3525 419 3590 praedicet.
439 3525 549 3576 Exstant
568 3523 705 3591 utriusque
726 3519 843 3587 άμοιάαῑα
857 3523 911 3587 εμί·

148 3600 299 3656 grammate
315 3591 341 3640 in
359 3589 518 3655 Anthclcgia
528 3591 626 3654 [Palat.
639 3607 662 3641 c.
680 3591 712 3650 V,
726 3593 775 3640 216
790 3605 847 3654 sqq.
862 3590 910 3640 292

148 3673 193 3720 sq.
212 3673 235 3706 c.
255 3657 288 3716 X,
301 3657 349 3706 761
363 3671 420 3732 sqq.
436 3656 481 3717 Xl,
496 3659 526 3705 ll
545 3671 595 3720 sq.‚
608 3657 695 3770 stege
712 3657 780 3704 unde
793 3662 910 3705 mutuam

147 3738 242 3772 eorum
260 3723 472 3772 consuetudinem
493 3721 634 3785 intelliges.
678 3737 783 3771 omnum
804 3721 911 3771 Florum

150 3797 254 3854 putrem
271 3787 377 3846 habuit;
390 3785 481 3837 habuit
498 3795 525 3836 et
542 3786 624 3836 tiliam
639 3801 696 3852 ques
714 3786 851 3836 duodecim
865 3801 910 3836 en·

151 3869 201 3903 nos
218 3861 279 3903 nata
295 3852 394 3902 interiit
409 3860 436 3902 et
451 3851 479 3900 in
495 3851 650 3903 Macedonia
665 3853 766 3917 sepulte
785 3860 834 3901 est.
847 3853 910 3902 Cer·

148 3919 223 3968 rnine
237 3919 319 3968 multa
333 3917 404 3978 lusit,
418 3933 526 3982 quorum
543 3931 605 3982 pers
623 3926 743 3984 superest
761 3916 787 3966 in
802 3917 909 3967 Anthcl.

149 3983 233 4038 editu.
248 3999 310 4049 pare
322 3982 348 4032 in
363 3982 463 4034 inedita
477 3983 581 4047 [Omnis
594 3991 655 4034 sunt
665 3983 693 4033 in
703 3983 808 4034 Anthol.
823 3983 909 4033 Putat.

150 4051 195 4098 ed.
217 4050 250 4098 Α.
272 4051 303 4098 ll.
327 4048 416 4106 Didot,
437 4049 554 4114 passim}
576 4048 701 4113 Superest
723 4056 750 4099 et
770 4047 911 4113 descriptio

150 4113 245 4179 templi
261 4115 364 4164 Sanctae
381 4115 495 4179 Sophias,
510 4129 588 4180 quem
602 4114 719 4180 impense
737 4114 827 4165 laudat
843 4115 912 4179 Aga·

149 4179 231 4230 thius.
247 4199 259 4224 ι
273 4181 349 4230 lluet.

188 4245 311 4300 Etesiis
331 4246 430 4301 liuline
445 4245 532 4312 θερμά.
551 4265 564 4292 α
584 4246 678 4310 Pythia
694 4245 766 4296 locus
777 4243 911 4310 ¹Bithyniae

151 4310 246 4361 calidis
258 4310 332 4374 aquis
345 4309 450 4360 nobilis.
462 4311 572 4375 Regiam
582 4312 692 4361 *domum
701 4319 728 4362 et
737 4311 844 4360 balneas
857 4309 913 4360 illic

151 4374 329 4456 a'iustt'nianp
341 4376 480 4466 magniflpe
494 4383 657 4428 constructas
673 4383 801 4427 memoret
815 4376 912 4452 Prosp-

151 4441 914 4573 tltildlllldtt·ileitt⁰.itltlt‘ttttttt

150 4574 178 4622 in
192 4572 299 4622 Anthcl.
312 4570 397 4638 epigr.
410 4573 499 4647 [Antia
512 4572 588 4624 Ρίαιι.
602 4574 647 4634 IV,
662 4575 703 4634 26,
720 4573 840 4634 1ςΔιιΜ.
854 4574 912 4624 Pal.

150 4639 198 4699 IX,
210 4638 269 4702 676]
281 4639 396 4688 auctoris
409 4637 511 4700 incerti,
519 4645 546 4688 et
558 4639 627 4704 apud
636 4639 797 4704 Stephanum
806 4640 912 4701 Byzant.

151 4703 191 4768 (in
204 4701 310 4767 Θερμά).
325 4721 338 4748 υ
356 4703 396 4754 ld.
411 4729 442 4741 -
459 4704 585 4769 Stephan.
602 4705 653 4754 loc.
672 4707 787 4771 :Otpput'
802 4703 854 4754 ίστι
872 4705 913 4753 καί

150 4770 265 4826 Βιθυνίας
277 4769 365 4834 θερμά,
378 4770 409 4818 τά
418 4769 461 4836 μίν
472 4771 559 4830 Πύθια,
571 4771 602 4819 τὰ
610 4770 635 4820 et
649 4771 674 4820 ίν
684 4773 786 4835 Προύσῃ
801 4771 913 4834 βασιλικά

150 4835 281 4897 λιγόμινοι.
297 4859 327 4872 -
342 4835 454 4900 Proccp
470 4834 520 4885 loc.
537 4849 544 4885 :
558 4837 641 4900 Πηγαί
653 4836 680 4885 δὲ
694 4836 789 4901 θερμῶν
803 4833 874 4898 φύσει
888 4836 912 4885 δν

152 4899 262 4956 Ιθιθυνοῑς
281 4899 377 4949 ύδάτων
400 4901 623 4952 δναύλυστάνουσιν
646 4901 672 4952 ίν
689 4903 775 4968 χώρῳ,
787 4897 814 4952 δν
830 4901 915 4951 inove-

153 4966 258 5030 μάζουσι
272 4965 361 5015 Πύθια.
372 4965 470 5022 Ταύτας
483 4966 568 5032 ἔχουσι
578 4967 725 5032 παραψυχὴν
738 4966 805 5018 ἄλλοι
818 4981 845 5016 τι
855 4969 913 5017 πολ-

151 5032 190 5082 λοί
203 5030 246 5080 καί
258 5031 421 5096 διαφερόντως
434 5033 570 5096 Βυζάντιοι,
585 5031 662 5088 ἄλλως
674 5049 701 5082 τι
715 5029 783 5088 ὅσοις
793 5031 914 5081 νοσώδεσι

151 5097 283 5158 συμόαίνιι
300 5089 370 5148 είναι.
385 5099 465 5148 ’Ἔνθα
482 5097 509 5146 tt
524 5100 678 5148 πολυτέλειαν
697 5097 855 5146 ίπιδίόεικται
870 5101 913 5161 βα·

150 5165 216 5213 σιλει
225 5163 377 5244 πρέπουσαν.
394 5163 505 5212 necuere
517 5181 544 5213 τε
556 5165 603 5227 γάρ
617 5164 797 5227 ᾠκοδομήσατο
811 5162 841 5212 ού
854 5162 913 5228 πρό-

149 5245 223 5296 τερον
237 5245 305 5289 οντα,
316 5227 359 5278 καὶ
367 5227 493 5292 λουτρῶνα
503 5227 528 5278 ίν
537 5230 648 5293 δημοσίῳ
660 5230 708 5278 τῶν
722 5229 772 5278 ἐκεῖ
786 5227 912 5292 φυομίνων

1587 473 1595 494 a
1662 443 1720 498 tte

961 569 1056 634 θιρμῶν
1066 569 1161 618 ὑδάτων
1173 568 1310 626 πεποίηται.
1322 569 1408 627 Πηγάς
1418 567 1444 616 δί
1458 569 1567 630 ποτίμων
1580 568 1679 617 ύδάτων
1688 571 1721 616 6ο

961 637 1058 697 ἑκάστῳ
1076 635 1254 692 άναάλυζούσας
1273 635 1306 690 είς
1323 635 1393 684 τόνδε
1411 633 1452 682 τδν
1469 636 1549 698 χῶρον
1569 635 1722 699 ὀχιταγωγίφ

961 701 1114 762 διακομίσας,
1126 699 1168 748 τὸν
1181 701 1301 764 πρότερον
1316 699 1419 750 ἐνταῦθα
1431 699 1622 764 ἐπιχωριάζοντα
1634 702 1724 764 περιεῑι

960 765 999 814 λεν
1013 765 1117 829 αύχμὸν.
1141 766 1204 816 Ἀλλά
1215 765 1241 813 δὲ
1256 763 1300 814 τού
1311 766 1462 830 ἀρχαγγέλου
1476 766 1504 813 τὸ
1519 767 1627 827 τέμενος,
1640 765 1721 814 καὶτὸ

962 832 1011 878 τῶν
1027 831 1167 880 νοσούντων
1185 831 1392 892 ὰναπαυστήριον,
1409 833 1481 892 μείζω
1496 847 1522 878 τι
1537 830 1578 878 καί
1597 830 1722 880 καταπολύ

962 897 1150 970 ἐπιφανέστερον
1163 896 1354 954 κατεστήσαντο.
1372 896 1426 944 ιΙιι
1442 895 1500 945 cod.
1513 895 1582 945 Bibl.
1596 895 1721 944 Laurens.

963 976 1007 1025 ap.
1028 961 1141 1011 Baudtn.
1161 968 1181 1011 t.
1205 961 1238 1019 11,
1257 976 1283 1024 p.
1303 962 1360 1018 266,
1380 961 1430 1010 hoc
1448 971 1553 1010 carmen
1571 969 1642 1010 extat
1660 973 1722 1010 cum

963 1027 1086 1077 lemmate
1100 1043 1106 1076 ι
1119 1027 1185 1090 Πρὸς
1196 1027 1237 1074 τὸν
1251 1027 1350 1090 βασιλέα
1361 1027 1446 1090 κύριον
1459 1027 1645 1077 Κωνσταντῑνον
1655 1028 1722 1094 ΙΙοφ·

963 1093 1152 1158 φυρογίννητον.
1164 1090 1265 1142 Deinde
1278 1099 1421 1156 sequuntur
1434 1089 1463 1140 hi
1476 1105 1566 1142 versus
1582 1106 1589 1140 ι

1128 1191 1212 1241 Βούλει
1224 1191 1316 1254 μαθεῖν,
1331 1189 1471 1253 Δύγούστε,

1128 1257 1299 1307 Κωνσταντῑνι
1312 1258 1439 1321 κράτιστε,

1127 1323 1222 1388 θερμῶν
1236 1322 1336 1387 ἄτεχνον
1350 1323 1459 1386 ῥεῦμα...

964 1431 1057 1498 quibus
1076 1432 1192 1484 nonnulli
1209 1431 1236 1482 in
1255 1445 1370 1482 errorem
1388 1429 1487 1481 inducti
1501 1428 1722 1493 existimaverunt,

964 1506 1097 1549 auctorem
1113 1495 1238 1548 carminis
1256 1497 1333 1564 longe
1351 1495 1483 1546 diversum
1501 1495 1581 1546 luisse
1602 1511 1618 1546 a
1637 1497 1721 1548 Paulo

964 1564 1010 1615 illo
1027 1563 1082 1628 qui,
1096 1561 1243 1614 iustiniano
1259 1563 1415 1628 imperante,
1435 1560 1645 1613 Silentiariorum
1669 1563 1721 1627 pri-

964 1629 1087 1680 micerius
1098 1629 1156 1680 luit.
1166 1628 1262 1694 Atilios
1271 1643 1371 1686 versus,
1385 1641 1449 1693 quoe
1459 1627 1546 1676 nullus
1555 1628 1613 1677 cod.
1629 1637 1723 1692 praeter

965 1695 1144 1746 Florentinum
1160 1693 1288 1758 agnoscit,
1306 1695 1340 1744 ab
1355 1693 1444 1759 inepto
1461 1691 1648 1756 interpolatore
1663 1709 1723 1758 pro·

965 1761 1046 1812 lectos
1065 1761 1156 1811 statuit
1175 1759 1335 1826 Lessingius,
1349 1757 1394 1824 qui
1411 1757 1482 1808 inter
1499 1757 1552 1808 alie
1568 1766 1725 1822 argumenta

965 1825 1045 1877 etiem
1061 1827 1111 1876 hoc
1128 1826 1218 1888 hebet,
1233 1825 1302 1890 quod
1315 1839 1406 1874 sersus
1423 1824 1552 1874 secundus
1571 1822 1597 1872 in
1612 1832 1724 1874 metrum

966 1899 1064 1956 peccet.
1075 1893 1109 1942 At
1122 1891 1150 1941 in
1162 1887 1512 1946 Κωνσταντῖνοςθατιίιιίαασί
1522 1887 1570 1939 εστὶ
1582 1888 1725 1954 scriptores

965 1957 1136 2022 penultimum
1167 1971 1198 2008 το
1211 1956 1295 2006 lubitu
1309 1955 1386 2007 modo
1400 1954 1556 2020 producunt,
1572 1955 1650 2005 modo
1666 1969 1723 2004 cor·

965 2022 1095 2088 ripiunt...
1109 2041 1122 2067 s
1155 2021 1240 2072 αεοδσ.
1258 2049 1289 2060 -
1301 2023 1348 2071 Vs.
1364 2023 1389 2071 2.
1405 2021 1496 2084 Comp.
1514 2019 1597 2070 schol.
1613 2021 1723 2085 Gregor.

964 2089 1028 2140 Nan.
1040 2087 1142 2153 ίίτιχνας
1153 2089 1213 2147 ζωὴ,
1226 2089 1291 2153 παρά
1304 2087 1340 2150 τῷ
1352 2086 1459 2152 θιολόγρ
1472 2085 1608 2150 Γρηγορίιφ,
1621 2089 1636 2145 ἡ
1651 2087 1726 2151 χωρίς

964 2155 1049 2220 τέχνης
1060 2154 1233 2218 συνισταμένη,
1241 2152 1410 2216 eumdemque
1423 2159 1527 2214 postem
1540 2150 1659 2211 iiuetius,
1676 2151 1723 2202 Oti.

966 2221 990 2278 2,
1009 2235 1035 2286 ρ.
1054 2221 1100 2270 161
1115 2233 1122 2269 :
1135 2216 1152 2270 δι
1163 2219 1196 2282 γῆ
1212 2221 1267 2280 φίλη
1286 2215 1494 2283 δίδωσινίάτεχνα
1511 2217 1579 2281 διὀρα
1593 2218 1677 2267 πᾶσιν.
1693 2243 1723 2254 -

965 2285 1012 2336 Vs.
1033 2287 1059 2336 δ.
1070 2283 1174 2336 Aldinae
1196 2289 1250 2334 tres
1273 2290 1300 2332 et
1320 2283 1430 2332 Ascens.
1455 2282 1618 2347 αύτάργνρον.
1644 2302 1657 2327 ο
1681 2281 1726 2332 Sic
1776 2328 1778 2334 ,

964 2349 988 2400 Α
1007 2349 1051 2400 cni
1060 2349 1118 2401 lons
1127 2357 1235 2400 vocatur
1243 2347 1361 2404 Claudio,
1371 2346 1457 2410 ttiuyt.
1467 2347 1513 2406 VI,
1524 2361 1562 2396 vs.
1573 2347 1614 2398 to.
1627 2347 1725 2398 inemtn

965 2366 1045 2468 seius.
1062 2442 1093 2454 -
1106 2415 1152 2465 Vs.
1170 2415 1194 2465 6.
1213 2414 1323 2479 Gregor.
1337 2413 1401 2464 Nes.
1417 2412 1466 2462 ou.
1484 2413 1510 2470 2,
1530 2425 1556 2476 p.
1578 2413 1635 2473 tut,
1649 2407 1724 2462 ποτὸν

966 2482 1040 2544 μέθης
1059 2478 1311 2547 άποιονΙάκλήματον
1330 2477 1455 2543 γάνυσμα.
1476 2503 1506 2514 ·-
1524 2477 1572 2527 Vs.
1594 2478 1619 2528 9.
1642 2479 1724 2539 σοφοί,

967 2569 980 2594 ο
993 2545 1158 2612 physicorum
1170 2542 1323 2596 sententias.
1340 2563 1353 2588 ι
1366 2543 1421 2594 lac.
1434 2569 1465 2580 ·-
1478 2542 1525 2592 Vs.
1540 2544 1581 2592 16.
1594 2543 1666 2604 φύσις
1676 2543 1725 2593 τῶν

964 2613 1123 2677 πραγμάτων.
1140 2611 1227 2663 Senot.
1243 2637 1274 2648 -
1290 2611 1336 2660 Vs.
1357 2611 1396 2660 16.
1416 2606 1558 2657 Vulcanius
1574 2607 1626 2671 (ed.
1641 2607 1725 2673 Lugd.

966 2679 1025 2728 Bet.
1046 2678 1131 2740 1661),
1150 2677 1276 2740 σύριγγας.
1301 2702 1332 2714 -
1349 2674 1397 2726 Vs.
1421 2675 1461 2724 lli.
1485 2671 1572 2723 Schol.
1595 2673 1724 2735 πιλτῖσθαι,

964 2745 1124 2794 πυκνοῦσθαι.
1140 2742 1230 2806 Comp.
1247 2739 1385 2792 Jacobsius
1402 2740 1508 2790 Nemes.
1526 2740 1564 2788 tte
1574 2737 1650 2790 Hom.
1667 2743 1724 2790 net.

967 2825 992 2874 p.
1007 2809 1053 2859 116
1067 2808 1110 2859 ed.
1128 2809 1220 2866 Oxou..
1236 2808 1267 2857 66
1285 2806 1327 2856 ed.
1342 2807 1469 2920 Antuerp.
1490 2819 1496 2854 :
1517 2802 1582 2866 ὕδωρ
1599 2805 1726 2855 πυκνωθὲν

966 2874 1007 2924 καί
1020 2876 1126 2934 πιληθίν.
1147 2900 1178 2911 -
1196 2873 1257 2923 Vss.
1275 2874 1360 2922 16-26.
1379 2871 1416 2920 Gi.
1457 2883 1529 2920 enec.
1549 2869 1643 2931 (λοιπαί.
1661 2870 1724 2920 Ναί.

966 2941 1011 3000 111,
1025 2941 1057 2990 ut
1069 2954 1075 2990 :
1089 2937 1200 2999 Quidam
1214 2937 1372 2996 existimant,
1387 2951 1433 3000 per
1442 2934 1501 2987 loce
1512 2935 1637 3000 sulphure
1648 2935 1726 2999 plena

966 3011 1088 3056 exeuntes
1108 3003 1150 3056 sel
1171 3003 1333 3055 introeuntes
1356 3016 1438 3067 aquas
1461 3000 1576 3052 calorem
1599 3000 1726 3051 beneflcio

966 3069 1092 3131 materies,
1108 3083 1247 3136 perquam
1261 3069 1352 3126 fluunt,
1366 3067 1476 3128 habere;
1494 3065 1562 3130 quod
1574 3065 1632 3131 ipso
1646 3067 1726 3116 odere

966 3145 1093 3206 gustuque
1104 3142 1241 3188 testantur.
1253 3132 1320 3184 Vitr.
1332 3131 1401 3192 Vlll,
1414 3133 1439 3182 ³.
1451 3159 1485 3170 -
1496 3132 1542 3182 l's.
1559 3133 1600 3180 26.
1614 3131 1702 3181 schol.
1717 3148 1724 3181 ι

966 3205 1060 3263 θειώδη,
1078 3203 1154 3264 ἤγουν
1171 3203 1236 3253 θείου
1254 3201 1309 3264 μετ’
1320 3215 1397 3264 1οντα,
1411 3197 1486 3262 ἤγουν
1504 3196 1594 3257 τειίφης
1608 3197 1724 3260 (Byzant.

966 3285 992 3334 p.
1002 3267 1218 3332 θιαφίου).-θί.’
1229 3268 1270 3316 26.
1283 3287 1295 3310 υ
1325 3265 1367 3314 od.
1379 3266 1468 3330 τρίγει,
1478 3271 1508 3313 ut
1517 3263 1595 3327 vulgo
1607 3261 1723 3313 Brunch.

965 3335 1068 3400 τρίχιιν,
1082 3333 1149 3384 citra
1162 3330 1354 3383 necessitatem.
1372 3349 1386 3375 ν
1407 3330 1487 3380 Beier.
1505 3357 1536 3366 -
1554 3329 1602 3378 Vs.
1622 3329 1663 3379 36.
1683 3345 1727 3392 μυ-

964 3401 1042 3461 δῶσα,
1053 3401 1121 3464 μυδῶ
1138 3396 1369 3460 strepinneium
1384 3397 1482 3456 σήψιως
1498 3395 1562 3460 ύγρά
1578 3393 1620 3443 καί
1635 3393 1727 3458 ἰχῶρας

965 3467 1036 3531 ἔχειν.
1046 3493 1078 3504 -
1092 3465 1139 3516 Vs.
1154 3467 1195 3513 66.
1209 3465 1244 3513 Τὸ
1259 3464 1348 3528 θερμὸν
1358 3462 1423 3524 λε’γει
1439 3461 1603 3523 Ἱπποκράτην
1620 3457 1725 3524 ἄψυχον,

965 3531 1005 3580 καί
1016 3531 1122 3590 Γαληνδν
1132 3530 1207 3597 χωρίς
1222 3529 1316 3594 τέχνης·
1329 3528 1390 3588 inst,
1404 3526 1498 3592 άψύχον
1513 3523 1540 3576 ὃν
1558 3525 1601 3574 καί
1614 3523 1726 3590 ἄτεχνον,

964 3598 1040 3654 ίοίσεις
1053 3597 1117 3648 ποιεῖ
1135 3597 1249 3660 ῶσπερδ
1271 3595 1443 3660 Ἱπποκράτης.
1463 3590 1549 3642 Schot.
1572 3617 1602 3628 ·-
1622 3591 1668 3640 Vs.
1685 3591 1726 3640 66.

966 3685 978 3709 ιι
992 3661 1109 3714 Siciliam
1121 3659 1250 3725 designat,
1265 3674 1324 3724 quse
1337 3659 1410 3719 νῆσός
1424 3655 1519 3707 δίσίιιιι·
1534 3656 1591 3705 κατ’
1602 3655 1695 3719 ίξοχήυ.
1711 3675 1724 3701 s

965 3729 1040 3779 lluet.
1052 3754 1085 3767 -
1097 3727 1156 3778 Vss.
1171 3727 1258 3776 itt-tt.
1274 3725 1373 3776 Unuse
1389 3723 1490 3773 duobus
1503 3720 1572 3772 Bibl.
1586 3721 1662 3772 Publ.
1678 3721 1727 3771 Pa-

965 3793 1010 3844 ris.
1030 3795 1133 3852 Μηδίας,
1147 3792 1216 3857 quod
1232 3797 1259 3841 et
1274 3791 1372 3840 hahent
1389 3787 1502 3848 Aldinae,
1515 3786 1682 3838 Frobeniune
1701 3795 1727 3837 et

963 3860 1073 3908 Vulcan.
1089 3857 1162 3908 editt.
1179 3855 1340 3908 scholiastes
1353 3863 1440 3906 tanmn
1453 3853 1507 3918 legi
1517 3854 1594 3918 jubet
1606 3853 1726 3910 Μηδείας.

965 3925 1003 3974 De
1014 3923 1107 3974 Medea
1118 3922 1279 3988 cogitaverat
1290 3919 1409 3980 Huetius,
1419 3941 1432 3966 α
1445 3920 1491 3969 sed
1503 3933 1545 3968 me
1555 3917 1668 3978 demum,
1679 3916 1726 3976 ait,

965 3991 998 4040 eb
1014 3990 1065 4040 hac
1079 3987 1212 4040 sententia
1227 3987 1335 4038 dimovit
1347 3983 1498 4036 Aristotelis
1514 3983 1582 4033 liber
1593 3983 1653 4046 Περὶ
1668 3985 1727 4033 θαυ-

966 4057 1059 4120 μασίων
1070 4055 1236 4118 ἀκουσμάτων
1251 4054 1283 4117 [c.
1298 4053 1340 4117 et]
1354 4067 1360 4102 :
1376 4053 1451 4102 Ἐστι
1461 4050 1488 4099 δθ
1498 4049 1540 4098 καί
1554 4049 1578 4098 δν
1591 4049 1673 4113 Μηδίᾳ
1685 4048 1727 4098 καί

965 4121 990 4171 ίν
1008 4122 1142 4184 Ψιττακίνη
1161 4121 1205 4180 τῆς
1221 4119 1340 4182 Περσίδος
1357 4116 1422 4182 πυρά
1440 4115 1569 4180 καιόμενα,
1589 4115 1620 4165 τά
1639 4113 1682 4176 μὲν
1700 4115 1726 4162 ἐν

965 4187 1050 4254 Μηδία
1065 4189 1119 4236 κτλ.
1136 4191 1163 4235 et
1184 4200 1244 4235 mox
1262 4185 1295 4248 [σ.
1312 4183 1353 4248 il]
1373 4197 1380 4233 t
1398 4181 1464 4233 Φασὶ
1483 4181 1510 4230 δί
1530 4179 1571 4229 καί
1593 4179 1649 4245 περί
1668 4181 1728 4230 ’Ast-

965 4255 1058 4310 τανίαν,
1077 4251 1137 4316 πρὸς
1152 4251 1204 4308 τοῖς
1216 4251 1291 4317 ὁρίοις
1308 4251 1352 4308 τῆς
1372 4247 1579 4300 desumpsisse
1594 4239 1655 4296 είναί
1674 4261 1728 4294 τινα

965 4319 1066 4382 πάτραν,
1076 4317 1100 4374 ii
1113 4309 1142 4377 ἧς
1150 4316 1179 4366 τὸ
1194 4316 1236 4379 pis
1247 4315 1313 4366 ἀνιὸν
1323 4314 1371 4380 πῦρ
1386 4314 1415 4364 ού
1428 4311 1530 4387 φανερὸν
1541 4313 1617 4361 ἐστιν·
1630 4309 1727 4359 ἐπειδάν

966 4385 992 4433 et
1010 4385 1087 4434 ίλαιον
1101 4383 1201 4449 ίπιχυθῇ
1219 4381 1256 4432 ἐπ’
1272 4381 1360 4441 αὐτὴν,
1379 4379 1551 4442 θκφλσγουται.
1568 4375 1632 4426 Htec
1651 4373 1728 4425 nobis

967 4450 1050 4500 lacem
1066 4447 1207 4515 presserunt
1224 4446 1258 4498 ad
1271 4443 1480 4496 emendationem
1496 4441 1582 4492 Pauli.
1601 4439 1646 4492 Sic
1662 4455 1727 4504 ergo

967 4515 1106 4580 legendum
1124 4529 1218 4564 censeo
1237 4527 1244 4562 ι
1263 4505 1335 4562 Οίδεν
1351 4512 1430 4576 φίρτιν
1449 4509 1543 4567 τοιαῦτ’
1568 4505 1728 4574 hieremie,

967 4583 1057 4640 Μηδία.
1072 4600 1085 4625 ι
1101 4579 1153 4644 Sed
1168 4585 1256 4630 monet
1268 4574 1456 4628 Boieeonadius
1468 4573 1579 4632 Μηδείας
1592 4572 1658 4622 velle
1672 4587 1727 4621 me·

966 4654 1035 4696 trum
1046 4653 1072 4694 et
1083 4659 1140 4696 rem
1156 4644 1194 4694 sic
1205 4641 1274 4709 pati3
1289 4641 1385 4693 etenim
1396 4641 1491 4700 Μηδεία
1504 4637 1602 4704 optime
1616 4635 1668 4686 diei
1681 4652 1727 4702 po·

967 4719 1017 4794 test
1035 4725 1083 4776 pro
1101 4711 1194 4788 Μηδία,
1217 4715 1247 4759 ιιι
1262 4708 1330 4783 apud
1348 4706 1425 4782 Pind.
1446 4704 1486 4756 Oi.
1503 4705 1528 4766 1,
1547 4705 1580 4754 Ι16
1598 4717 1610 4752 ιΙ
1624 4703 1728 4761 Μήδοισι

967 4795 1052 4903 616
1066 4775 1234 4898 66666
1246 4767 1729 4914 6666666666
1750 4797 1752 4800 ·

967 4916 1050 4958 terum
1061 4909 1160 4957 Τιτανίοι
1168 4919 1220 4955 non
1230 4903 1279 4954 suit
1290 4919 1317 4953 tn
1327 4901 1423 4962 Media,
1436 4901 1482 4952 sed
1494 4899 1522 4950 in
1534 4883 1727 4962 Peloponneso.

966 4973 1115 5034 Notandum
1126 4977 1166 5021 est
1184 4984 1296 5036 quoque,
1309 4967 1337 5018 in
1353 4966 1460 5032 regione
1477 4965 1583 5016 Titania
1596 4963 1728 5028 Pelopon·

967 5037 1023 5088 nesi
1037 5037 1124 5088 lucum
1136 5051 1194 5087 esse
1205 5035 1246 5086 oui
1260 5035 1356 5099 Pyrsae
1369 5047 1464 5083 nemen
1476 5038 1525 5092 est,
1540 5035 1567 5080 et
1577 5042 1652 5081 aram
1665 5043 1727 5078 sen-

967 5113 1061 5164 torum,
1085 5101 1129 5152 uhi
1154 5099 1259 5160 accinit,
1284 5107 1314 5156 ut
1337 5109 1455 5158 narrent,
1478 5095 1601 5147 sacerdos
1622 5093 1727 5158 magica

967 5169 1086 5234 quedam
1099 5168 1194 5219 llledeae
1212 5165 1339 5217 carmina.
1357 5165 1471 5215 Pausan.
1484 5163 1518 5226 11,
1535 5164 1563 5211 11
1578 5168 1605 5211 et
1623 5160 1662 5210 12.
1677 5159 1727 5210 Hic

966 5235 1078 5286 sortasse
1086 5234 1151 5285 latet
1160 5247 1221 5284 sera
1228 5231 1304 5282 Pauli
1312 5229 1503 5296 interpretatio,
1511 5225 1553 5280 eui
1561 5239 1726 5294 nequaquam
