3858 6018
269 425 324 482 284

266 551 337 618 quod
358 551 454 618 iegitur
478 552 504 602 in
528 551 699 618 inscriptione
728 551 822 603 Reiadi
852 555 906 616 (ap.
933 551 1028 616 ipsum.

266 636 294 670 n.
307 620 423 682 tottila
433 620 460 668 in
472 619 595 682 Symbola
605 619 800 683 Apostolorum.
813 619 895 668 -Vs
908 618 932 668 4.
943 619 1031 667 πότνια

265 686 348 748 eduen
360 686 391 734 ad
407 700 428 734 s.
438 685 574 748 Virginem
585 683 678 734 referri
688 690 782 749 potest.
792 685 913 734 Ceterum
923 699 993 748 saepe
1003 684 1030 732 in

267 751 499 816 epigrammatibus
514 749 629 800 metricis
644 750 795 800 christianis
810 756 951 800 occurrunt
962 751 1031 798 locu-

268 819 351 867 tiones
362 818 394 866 ab
409 815 516 881 antiqua
536 814 663 881 religione
675 823 799 866 mutuatae
812 823 855 866 aut
865 815 966 879 vulgari
982 831 1030 864 usu

268 889 385 932 servatae.
404 883 509 931 Confert
526 881 662 933 Kaibelius
677 899 702 932 n.
719 884 766 931 452
784 898 806 932 c.
821 883 927 932 Homer.
944 882 991 932 Od.
1008 883 1030 939 6,

339 1042 405 1092 Ἀλλά
418 1041 441 1090 σ’
454 1042 478 1096 ἐς
501 1041 614 1092 Ἠλύσιον
625 1041 707 1092 aradios
718 1040 759 1090 sai
773 1040 877 1106 πείρατα
889 1042 960 1103 γαίης

330 1109 445 1157 ἀθάνατοι
456 1109 606 1170 πέμψουσιν,
620 1108 658 1156 ὅθι
671 1107 756 1164 ξανθὸς
776 1108 952 1170 Ῥαδάμανθυς.

266 1227 295 1236 -
308 1196 468 1264 llpotinsprts,
479 1202 517 1249 sic
529 1200 554 1248 in
568 1199 664 1266 lapide.

297 1331 443 1382 DCCXXX.
454 1331 570 1396 Athenis,
581 1329 607 1380 in
618 1331 696 1381 Arce.
707 1332 880 1391 CumanudeS,
892 1334 954 1383 Ἆττ.
964 1331 1027 1393 ἐπιγ.

264 1397 377 1460 θπιτύμθ.
396 1412 422 1461 p.
441 1399 497 1446 400.
516 1413 541 1445 n.
560 1398 635 1447 3549.
656 1398 732 1448 Unde
750 1399 781 1447 G.
801 1399 906 1449 ltaibel.
924 1415 952 1450 n.
969 1399 1026 1465 474,

265 1463 336 1513 nullo
349 1461 452 1528 adjecto
466 1461 663 1513 commentario.

221 1621 223 1626 ·
296 1594 576 1710 ΙΞξΊΟΧΧΙὲΙῄΙΙΙιαιιίν
590 1593 625 1659 in,
641 1595 736 1656 stadio,
746 1595 910 1646 Cumanudes
923 1611 966 1662 op.
981 1595 1025 1646 cit.

265 1677 290 1724 p.
356 1675 404 1720 ,n.
435 1677 448 1709 o
486 1697 492 1709 .

297 1779 466 1828 DCCXXXll.
490 1779 527 1827 Er
545 1779 656 1838 Zonara,
671 1785 690 1828 t.
710 1779 742 1835 ll,
761 1795 786 1842 p.
805 1781 853 1829 796
872 1785 898 1828 el
917 1780 1025 1832 Cedren.

264 1845 328 1892 ilict.
346 1844 486 1908 Compendi.
509 1860 534 1907 p.
553 1845 610 1902 404,
628 1844 690 1894 edit.
707 1843 791 1894 Paris.
815 1846 930 1895 Brunck.
947 1845 1025 1896 Anat.

264 1911 335 1958 lectt.
348 1917 366 1958 t.
378 1911 422 1970 ΙΙΙ,
434 1926 458 1974 p.
473 1913 530 1970 304,
539 1925 563 1958 n.
576 1925 709 1960 cccxxxiv
719 1909 744 1960 b.
759 1911 944 1974 (edit..lacobs.
953 1919 972 1960 t.
981 1913 1025 1970 lv,

263 1991 289 2040 p.
302 1977 358 2036 263)
370 1977 475 2025 Jacobs.
490 1977 608 2040 Append.
621 1977 703 2042 epipr.
718 1993 744 2026 n.
760 1979 817 2027 102.
830 1997 842 2024 ιι
859 1978 991 2042 Scriptum
999 1977 1027 2026 in

264 2040 382 2091 Mauritii
396 2042 543 2106 conjugem,
556 2041 657 2092 Tiberii
671 2043 763 2104 liliam,
774 2059 831 2108 quae
841 2059 900 2093 oum
915 2043 1027 2108 conjuge

264 2115 289 2156 et
304 2106 417 2172 quinque
430 2109 491 2157 filiis
503 2123 519 2157 a
531 2109 627 2158 Phoote
642 2109 746 2173 tyranni
758 2109 885 2159 militibus
895 2109 1028 2160 trucidata

264 2179 313 2234 est,
333 2187 402 2223 anno
422 2181 482 2238 post
498 2175 559 2224 Chr.
580 2181 634 2224 nat.
656 2189 718 2225 nou.
734 2175 889 2226 Constantia
910 2177 1027 2241 appella-

264 2240 350 2289 batur.
366 2240 444 2291 »lac
461 2268 490 2277 —
507 2241 551 2289 Vs.
564 2241 588 2288 2.
606 2241 717 2291 Cedren.
731 2243 837 2306 λαχιίην.
848 2269 878 2280 -
891 2243 937 2292 Vs.
954 2245 977 2292 l.
990 2242 1026 2292 id.

263 2307 307 2365 τῆς
319 2307 341 2356 τ’
359 2304 419 2356 'lora
434 2333 464 2342 -
480 2307 526 2356 Vs.
542 2307 567 2356 9.
579 2308 690 2370 γενέταν.
706 2333 737 2344 -
751 2308 797 2358 Vs.
812 2311 852 2357 12.
864 2309 997 2371 rasitata.

296 2437 455 2486 DCCXXllI.
468 2436 860 2503 Eski-KarallissarPhrygiae,
871 2439 944 2499 olim,
956 2441 1030 2491 Doci-

264 2503 324 2552 met.
344 2502 480 2552 Hamlltou
501 2505 652 2554 hesemches
670 2506 698 2554 in
714 2505 776 2555 Asia
794 2507 887 2556 Mittor.
911 2507 944 2564 ΙΙ,
966 2521 1026 2571 app.

265 2585 290 2632 p.
306 2569 352 2618 434
371 2584 396 2617 n.
417 2569 474 2629 162,
490 2567 591 2629 Texier,
609 2571 773 2635 Description
790 2571 822 2622 ds
833 2571 911 2622 there
927 2575 990 2622 min.
1006 2573 1027 2623 I.

264 2649 290 2698 p.
308 2635 366 2692 151,
381 2635 466 2684 Lebae
478 2642 504 2683 et
515 2633 702 2700 Waddington.
727 2637 787 2701 Voy.
803 2638 966 2689 archiater.
983 2639 1028 2697 ΙΙΙ,

265 2716 290 2764 p.
311 2700 370 2760 424,
385 2715 412 2749 ιι.
432 2702 506 2759 1714,
531 2700 677 2752 Kirchhoff.
700 2703 778 2768 Corp.
797 2705 860 2754 inec.
885 2719 927 2768 pr.
946 2712 965 2755 t.
981 2705 1026 2765 lv,

265 2782 290 2830 p.
308 2767 391 2824 464-5,
410 2781 436 2815 n.
450 2767 526 2827 9267,
542 2782 573 2816 ex
587 2768 690 2818 schedis
704 2768 776 2818 Alex.
791 2769 948 2830 Delaborde,
964 2785 1028 2836 ques
1054 2798 1056 2817 .

265 2831 447 2882 transmiserat
461 2833 600 2882 Letroune.
615 2853 627 2880 e
644 2835 720 2884 Hunc
733 2834 837 2884 titulum
853 2836 887 2886 ad
904 2837 1028 2887 saeculam

264 2897 396 2962 pertinere
404 2905 463 2964 post
471 2898 567 2949 Christ.
574 2897 714 2965 septimum
726 2899 803 2952 facile
813 2907 853 2950 est
860 2901 1026 2952 intellectu.»

264 2980 371 3032 Kirchh.
382 3009 412 3019 -
424 2981 471 3031 Vs.
483 2983 508 3031 2.
524 2977 576 3036 ΗΝ
590 2981 725 3034 Hamilton
737 2990 763 3035 et
777 2978 918 3048 'sexionis
932 2985 1028 3036 Kirch·

263 3077 337 3140 hoff..
353 3073 435 3132 ΑΗΝ
449 3079 692 3140 deLaborde,unde
701 3080 1026 3148 Kaibelconjecitlselds).

263 3184 295 3195 -
305 3159 352 3208 Vs.
368 3159 392 3208 3.
405 3157 557 3208 Arbitratur
570 3174 591 3207 ν.
605 3160 638 3210 cl.
651 3159 830 3226 Waddington
845 3159 1029 3212 Maximionem

264 3223 382 3300 episcopi
394 3239 451 3274 esse
471 3240 576 3286 nomen,
592 3224 637 3290 qui
653 3224 739 3276 iuerat
752 3226 822 3277 inter
834 3227 956 3278 Eunomii
971 3237 1026 3278 ata-

264 3305 324 3350 vos;
333 3306 375 3340 ux
391 3289 460 3340 enim
471 3290 607 3354 probabile
621 3291 769 3352 esse,illius
782 3308 877 3344 nomen
893 3295 926 3344 ab
941 3295 1031 3344 Eune:

263 3356 316 3405 mio
335 3365 507 3406 memoratum
526 3355 606 3407 luisse
620 3357 643 3406 si
660 3359 774 3422 sepulcri
789 3360 866 3410 modo
883 3359 1029 3411 aedificator

264 3421 364 3472 suisset.
381 3422 485 3473 Kaibel.
502 3423 611 3490 sobrois]
623 3417 660 3481 oie
672 3426 764 3482 πόνοις.

296 3555 480 3604 DCCXXXIV.
500 3556 762 3608 nevernensium
781 3557 866 3618 multi,
879 3565 906 3608 et
929 3567 1028 3624 postne

264 3619 1026 3688 mumKirchhotnuncorpinsc.aas.1V,p.575.n.stss.

265 3707 278 3732 ι
294 3685 462 3749 Epitaphium
483 3695 523 3736 eet
538 3688 631 3738 lsaacii
647 3690 750 3739 exarchi
766 3690 812 3754 qui
829 3690 917 3740 floruit
931 3693 1027 3742 sarculo

264 3761 322 3816 post
332 3751 426 3801 Christ.
439 3751 550 3817 septimo
565 3753 680 3816 ineunte,
696 3761 721 3804 et
735 3763 882 3806 mortuusa
897 3757 1028 3823 plerisque

263 3832 332 3867 anno
357 3819 404 3867 641
431 3819 555 3869 Heraclio
582 3819 728 3886 imperante
751 3821 875 3872 creditur.
897 3840 911 3868 s
935 3823 1026 3874 Kirch.

264 3883 379 3933 Dederat
393 3895 451 3948 post
469 3885 573 3944 Gruter,
594 3901 620 3950 p.
643 3901 751 3947 ccccxx,
765 3889 790 3937 7.
806 3889 921 3944 Grotius,
936 3890 1026 3940 Floril.

262 3965 303 4063 pr.
317 3951 426 4000 months
439 3955 498 4001 tert.
515 3967 541 4015 p.
557 3953 604 4002 400
618 3967 676 4019 sqq.
689 3969 748 4003 cum
760 3952 975 4020 interpretatione
989 3957 1027 4006 la-

275 4030 328 4065 ma.

297 4125 468 4176 DCCXXXV.
494 4126 618 4178 Comaclt'.
641 4129 706 4178 Post
727 4130 824 4180 multos
850 4130 1027 4182 Kirohhosdus

265 4191 342 4256 Corp.
359 4192 544 4258 {adaprant
567 4195 611 4256 lV,
629 4209 655 4259 p.
672 4197 719 4247 676
743 4210 783 4260 sq.
801 4211 828 4245 n.
851 4197 926 4247 9670.
950 4199 1027 4263 lijue-

264 4257 323 4307 dem
334 4264 396 4307 eunt
410 4259 600 4322 supplementa,
614 4268 720 4326 excepto
735 4261 819 4326 primo
830 4279 869 4312 rs.
883 4266 898 4314 6
913 4263 1027 4315 ineuntis

264 4323 398 4385 vocabulo,
416 4339 473 4388 quae
488 4325 639 4390 conjectura
656 4335 696 4377 est
713 4337 812 4378 nostra.
824 4329 929 4394 Aliquis
941 4330 1026 4396 suspi-

264 4395 338 4440 catus
363 4397 420 4438 erat
442 4390 539 4447 ἀστεῖος
563 4391 631 4455 quod
660 4393 823 4444 Kirohhodio
845 4397 980 4460 probatur.
996 4427 1026 4436 -

264 4455 380 4506 Isaacius
395 4457 523 4506 exarchus
535 4456 603 4507 idem
622 4472 680 4508 esse
698 4459 800 4510 videtur
812 4461 855 4525 qui
872 4463 986 4513 occurrit
999 4464 1026 4514 in

265 4521 339 4572 titulo
354 4522 522 4587 praeccdenti,
540 4522 658 4574 Ἐνταῦθα
671 4527 774 4576 esitato
789 4529 991 4592 στρατηγήσας...

296 4655 481 4705 DCCXXXVI.
498 4657 614 4718 Cramer,
633 4655 729 4708 Anccd.
747 4659 831 4722 paris.
852 4676 877 4724 p.
901 4663 959 4722 299,
982 4662 1026 4728 qui

265 4737 302 4772 vs.
317 4725 341 4782 l,
356 4720 448 4771 scribit
460 4721 539 4786 φῦσις,
552 4737 591 4772 vs.
604 4726 628 4782 2,
645 4724 682 4773 ita
695 4724 857 4790 interpungit
874 4742 881 4777 :
894 4745 915 4778 c.
928 4729 976 4778 διν.
989 4721 1027 4780 tti-

265 4805 319 4854 ρον,
333 4787 435 4850 ἄγγελον
450 4789 510 4854 βίος·
527 4817 557 4825 -
569 4789 616 4840 Vs.
631 4791 683 4848 3,ἡ
698 4790 718 4840 δ’
732 4784 762 4842 ed
774 4793 872 4858 ῥύσις...

295 4919 490 4970 DCCXXXVII.
506 4922 632 4984 samma,
643 4921 738 4974 inbaei
751 4923 889 4976 columnae.
904 4926 942 4976 Ex
956 4927 1028 4978 sohe-

265 4983 306 5034 dis
318 4984 485 5036 Cossonianis
494 4987 551 5037 dac.
562 4988 717 5050 Gronovius,
730 4990 806 5040 Mem.
818 4991 921 5042 Coenon.
931 5008 957 5057 p.
970 4995 1026 5054 146,

266 5052 307 5100 ts.
321 5051 384 5100 lnde
400 5054 533 5104 transtulit
551 5054 660 5104 Boeolth.
679 5055 757 5121 Corp.
775 5057 838 5108 inec.
853 5073 894 5122 pr.
908 5073 934 5109 n.
951 5061 1026 5112 3310.

267 5144 296 5152 -
312 5115 359 5165 Vs.
374 5118 398 5167 2.
413 5117 522 5168 Boeckh.
536 5127 610 5170 notat
622 5122 738 5198 χάρταρις
752 5137 810 5172 esse
823 5139 871 5188 pro
883 5126 1025 5192 χαρτάριας,

267 5182 352 5247 quod,
381 5199 440 5232 cum
473 5185 590 5250 ejusdem
618 5201 723 5250 generis
749 5189 832 5238 multa
859 5191 1027 5255 proferantur

268 5248 394 5314 exempla,
410 5248 485 5299 facile
500 5251 637 5302 admiseris
651 5252 707 5302 fleri
725 5269 756 5303 ex
770 5253 852 5305 latino
869 5257 1024 5308 chartarius.

717 421 975 482 ANTHOLOGIAE
996 422 1146 482 GRAECAE
1167 423 1392 484 APPENDlClS

1086 553 1139 604 Sed
1158 569 1204 606 cur
1221 553 1316 605 mutari
1336 553 1447 604 voluerit
1465 555 1513 614 [vs.
1530 555 1553 612 3)
1572 554 1738 604 archisenator
1758 553 1784 602 in
1806 571 1857 602 rto-

1084 619 1203 671 Ιύενιιτον
1217 637 1270 670 non
1286 621 1351 670 satis
1369 621 1453 670 video.
1470 621 1640 674 Πολύτευντος
1656 619 1738 669 mutto
1752 619 1857 670 lahore-

1085 687 1231 747 sahricalus
1242 684 1331 736 lexicis
1343 693 1369 736 ct
1381 688 1508 736 Thesauro
1525 686 1603 734 etiam
1614 687 1697 745 abest,
1709 685 1754 735 sed
1766 693 1857 734 exstat

1084 751 1212 808 ἄτευιιτσς.
1229 773 1242 800 α
1255 753 1322 802 Vide
1336 769 1368 802 ne
1382 754 1443 801 noi-i
1459 753 1480 801 τ’
1493 753 1579 801 εὐκτόν
1595 752 1761 801 scribendum
1774 751 1819 800 sit.
1840 772 1853 795 ν

1086 818 1116 868 G.
1132 818 1209 870 Kaio.
1222 834 1249 869 n.
1265 820 1322 869 309.

1117 937 1609 1002 DCCXXXVIliJnAmorpoinsula,in
1617 938 1752 990 ruderibus
1760 941 1856 1002 [Βρίσ-

1084 1003 1128 1054 les.
1144 1023 1157 1049 ιι
1170 1003 1340 1069 Epigramma
1350 1012 1376 1054 et
1388 1004 1552 1054 int·enustum
1564 1013 1590 1053 et
1600 1003 1756 1054 insalsum...
1769 1006 1855 1054 serio-

1084 1069 1121 1118 ris
1133 1069 1229 1130 aetatis,
1241 1087 1254 1114 ν
1266 1069 1304 1120 sic
1315 1070 1426 1120 Rossius
1440 1071 1482 1134 qui
1499 1069 1580 1120 edidit
1597 1069 1623 1118 in
1633 1071 1702 1120 'lnsc
1719 1086 1760 1134 pr.
1775 1072 1852 1121 incd.

1084 1135 1147 1186 iaec.
1167 1136 1201 1195 ΙΙ,
1216 1151 1244 1202 p.
1257 1137 1299 1198 31,
1318 1153 1343 1186 n.
1362 1139 1417 1186 123.
1433 1164 1460 1174 -
1480 1137 1526 1186 Va.
1546 1137 1560 1184 2
1586 1137 1615 1184 ln
1627 1137 1778 1202 apographo
1792 1153 1854 1186 rnn-

1080 1213 1191 1278 jusculis
1202 1213 1297 1266 litteris
1311 1216 1408 1280 legitur
1421 1199 1678 1290 uersantes,
1694 1219 1740 1270 ubi
1752 1221 1854 1270 Rossio

1084 1309 1166 1361 latere
1178 1309 1262 1362 visum
1274 1319 1315 1364 est
1329 1297 1556 1387 ΜΕΗΡΝᾸΗ,
1570 1317 1638 1366 unde
1647 1316 1749 1382 accepit
1757 1316 1785 1366 in
1798 1323 1854 1367 tex·

1083 1397 1137 1440 tum
1151 1391 1305 1442 minusculis
1318 1388 1425 1458 μ’ἦρων.
1437 1396 1540 1445 Kaibei.
1551 1411 1577 1444 n.
1592 1397 1649 1456 278,
1661 1397 1853 1461 hisisirttoivo...

1084 1495 1096 1521 ι
1112 1475 1142 1524 ιι.
1157 1475 1218 1538 φα..
1231 1493 1244 1522 »
1256 1476 1303 1526 vs.
1315 1478 1339 1527 a
1351 1478 1402 1528 ont
1413 1479 1571 1544 lapienaoet
1582 1473 1774 1532 ΕΡκοΜε.
1795 1473 1845 1538 0.

1082 1553 1142 1618 lego
1161 1553 1304 1620 ἐρχόμενος,
1319 1571 1366 1622 pro
1382 1559 1514 1623 ἐρχόμενον
1532 1559 1600 1622 quod
1615 1557 1708 1608 maluit
1725 1560 1851 1610 Rossius.

1081 1636 1161 1701 Lapis
1181 1644 1208 1688 et
1220 1639 1300 1690 habet
1320 1633 1390 1695 ΤΟΙ
1404 1677 1411 1692 .
1427 1622 1586 1708 ΦΙᾸΟΝ;
1610 1641 1723 1692 correxit
1741 1641 1851 1693 Kaihel.
1917 1667 1918 1706 ι

1081 1717 1143 1782 τὸ[ν]
1155 1720 1231 1782 φίλαν.

1114 1837 1299 1888 cccxxxix.
1315 1838 1431 1890 Cramer.
1456 1839 1552 1892 Anecd.
1576 1855 1653 1906 arec.
1670 1841 1753 1891 Paris.
1767 1847 1787 1892 t.
1803 1843 1851 1902 iv,

1082 1919 1108 1968 p.
1120 1905 1177 1954 327.
1193 1931 1225 1942 -
1237 1905 1283 1955 Vs.
1295 1905 1319 1955 θ.
1336 1905 1409 1956 Fort.
1422 1907 1526 1970 legend.
1541 1909 1573 1970 μή
1586 1907 1734 1972 tortorio-n,
1748 1908 1854 1970 Χάρων,
1917 1917 1918 1928 ²

1081 1969 1187 2033 ταφιῖσα
1195 1969 1317 2030 θάιίιη...
1325 1973 1409 2021 -Vs
1419 1974 1443 2022 4.
1455 1973 1520 2022 cod.
1529 1981 1554 2022 et
1564 1973 1702 2024 Cremerae
1712 1977 1851 2034 στασεῑσας
1917 2023 1918 2030 ,

1081 2035 1125 2086 hio
1139 2041 1227 2086 auum
1239 2035 1267 2086 in
1278 2043 1341 2087 nota
1353 2053 1359 2087 τ
1375 2059 1386 2082 ν
1399 2039 1519 2088 σταθεῖσα
1531 2038 1582 2088 rid.
1592 2040 1643 2104 leg.
1653 2041 1694 2088 vel
1702 2041 1818 2102 ταφεῑσα.
1837 2060 1849 2084 ν
1917 2047 1918 2052 ’

1115 2167 1237 2218 DCCXL.
1266 2167 1359 2219 Basilii
1385 2169 1573 2234 Bulgaroctoni
1597 2169 1774 2236 epitaphium
1805 2172 1850 2221 de-

1083 2233 1121 2284 dit
1135 2232 1259 2300 Cangitts,
1272 2234 1342 2285 notis
1354 2236 1386 2284 ad
1401 2237 1496 2296 Zonar,
1510 2253 1534 2302 p.
1547 2237 1851 2298 tos;emendavit130is-

1084 2299 1217 2351 eonadiue.
1231 2328 1262 2338 ·-
1273 2301 1319 2350 Vs.
1333 2303 1357 2362 l,
1366 2301 1423 2364 ἄλλῃ
1438 2317 1484 2367 pro
1495 2303 1570 2353 ἄλλοι.
1581 2331 1611 2340 -
1620 2304 1667 2352 Vs.
1679 2304 1704 2364 2,
1714 2307 1852 2369 προηυτρέ-

1083 2385 1155 2416 πισαν
1173 2381 1220 2431 pro
1240 2369 1455 2443 προηυτρέπησαν,
1476 2371 1563 2432 ier-spa
1582 2385 1630 2434 pro
1651 2371 1758 2428 ιΙστημι,
1779 2371 1851 2433 quod

1084 2431 1189 2498 quidem
1200 2431 1345 2497 saepissime
1359 2433 1386 2482 in
1397 2433 1507 2500 lapideis
1516 2442 1561 2484 aut
1572 2433 1653 2484 aeneis
1664 2435 1747 2484 titulis
1757 2451 1850 2485 occur-

1084 2499 1127 2548 rit.
1138 2526 1168 2535 —
1177 2499 1224 2549 Vs.
1240 2499 1265 2548 4.
1279 2499 1439 2550 Hebdomnm
1451 2515 1560 2566 campus
1573 2511 1613 2551 est
1626 2501 1697 2550 intra
1708 2503 1849 2565 septimam

1084 2565 1117 2614 ab
1136 2565 1201 2616 urbe
1215 2564 1441 2630 Constantinopoli
1459 2565 1572 2617 miliare.
1591 2595 1621 2604 -
1634 2568 1694 2616 Vss.
1708 2567 1749 2616 l-8
1765 2575 1852 2618 nens·

1102 2631 1157 2681 onit
1169 2629 1366 2691 Boissonadius,
1380 2633 1448 2697 quod
1460 2635 1506 2699 γὰρ
1521 2633 1630 2698 ρονῑθφ’
1643 2625 1672 2683 οὗ
1686 2633 1789 2695 syllaba
1798 2649 1851 2684 una

1083 2647 1229 2762 iirngiorem
1243 2713 1347 2748 versum
1370 2698 1492 2759 saciabat,
1505 2699 1550 2764 qui
1570 2699 1609 2749 sic
1622 2699 1776 2764 legebatur3
1801 2703 1849 2762 ’Aa'

1083 2755 1111 2813 oi
1123 2767 1213 2828 γὰρ...,
1224 2764 1292 2814 sicut
1305 2775 1332 2814 et
1346 2765 1422 2824 alter,
1433 2765 1462 2814 σθ
1475 2767 1521 2830 γάρ
1532 2783 1599 2822 τις...
1610 2766 1699 2815 Etiam
1709 2767 1849 2832 transponi

1083 2829 1164 2879 voluit
1183 2845 1221 2880 rs.
1240 2831 1264 2890 9,
1287 2832 1380 2896 Πέρσαι
1398 2832 1440 2880 καὶ
1453 2833 1543 2882 Σκύθαι
1558 2840 1584 2882 et
1596 2847 1635 2882 ve.
1660 2834 1701 2892 10,
1716 2833 1849 2896 ἵθὸασγος,

1090 2897 1202 2958 Ἰσμαήλ,
1224 2895 1285 2961 quia
1301 2917 1313 2944 ιι
1332 2898 1371 2947 vel
1391 2897 1418 2947 in
1441 2897 1555 2962 politicis
1574 2897 1694 2948 iambicis
1708 2899 1849 2962 spondaeus

1083 2961 1184 3012 sedium
1197 2962 1299 3026 parium
1312 2962 1442 3014 vitandus.
1456 2983 1469 3009 ν
1485 2992 1519 3002 -
1532 2964 1642 3028 Abasgi,
1663 2963 1775 3028 populus
1790 2966 1850 3014 Sar-

1083 3028 1171 3079 matiae
1185 3027 1310 3080 Asiaticae
1324 3029 1351 3079 in
1366 3031 1454 3080 littore
1464 3029 1587 3081 orientali
1601 3030 1688 3080 Ponti.

1116 3160 1248 3212 DCCXLI.
1264 3161 1302 3211 Ex
1315 3162 1431 3212 Cramer.
1444 3161 1541 3214 Anecd.
1556 3164 1640 3213 Paris.
1653 3169 1671 3212 t.
1685 3163 1731 3222 lV,
1745 3179 1771 3228 p,
1789 3165 1847 3224 291,

1083 3225 1319 3294 Piocolus,Sstppl.
1341 3228 1500 3279 assaliat.
1519 3244 1561 3293 pr.
1583 3230 1732 3293 p.13l.—
1754 3231 1802 3280 Vs.
1824 3233 1847 3281 2.
1918 3251 1919 3300 ι

1082 3294 1182 3351 ζῶντας,
1196 3307 1254 3352 nos,
1268 3293 1369 3358 opinor,
1383 3293 1507 3360 intelligit
1517 3295 1686 3359 superstitem
1698 3296 1739 3344 rel
1750 3299 1847 3360 potius.
1918 3307 1919 3312 ’

1082 3358 1228 3474 lsistentibus
1239 3359 1389 3424 ignorantia
1398 3369 1438 3411 est
1450 3360 1519 3411 idem
1530 3361 1599 3426 quod
1610 3361 1720 3411 mortuis
1733 3364 1848 3427 sepulcri

1092 3440 1160 3490 apte.

1116 3535 1259 3587 DCCXLII.
1269 3537 1439 3602 Mopsuestia,
1460 3552 1489 3588 ex
1504 3552 1597 3604 apogr.
1616 3553 1641 3586 ν.
1661 3536 1695 3587 cl.
1710 3537 1846 3602 Langlois.

1082 3603 1214 3667 inscripti.
1227 3618 1254 3652 n.
1266 3605 1307 3662 26,
1323 3602 1469 3653 Kirchhotl'.
1493 3603 1570 3670 Corp.
1586 3619 1612 3654 n.
1637 3604 1712 3661 9160,
1725 3604 1811 3653 lebas
1823 3613 1848 3652 et

1054 3694 1056 3710 ι
1082 3667 1270 3733 Waddington.
1287 3671 1395 3736 Voyaqe,
1405 3670 1535 3736 inempti.
1548 3685 1600 3721 rec.
1611 3686 1637 3720 n.
1648 3671 1722 3719 1606.
1730 3671 1815 3720 -Vs
1823 3672 1846 3723 2.

1081 3735 1217 3798 {scissione
1227 3750 1315 3800 propr.
1326 3751 1395 3786 nom.
1406 3735 1511 3786 aliunde
1519 3737 1647 3801 ignotum,
1656 3736 1727 3800 quod
1735 3736 1847 3786 sortasse

1082 3800 1130 3850 suit
1154 3801 1265 3864 alicujus
1284 3801 1395 3852 Asiatici
1418 3801 1555 3868 principis,
1578 3801 1751 3854 christianam
1770 3803 1847 3852 fidam

1082 3867 1204 3932 amplexi.
1214 3867 1252 3918 Cf.
1264 3869 1361 3928 Σισίνης
1371 3883 1414 3932 ap.
1425 3867 1531 3920 Arriae.
1541 3871 1608 3935 Ecp.
1619 3883 1667 3927 var,
1675 3869 1732 3930 θ,7,
1742 3871 1848 3926 Σισίνης,

1081 3948 1124 3998 ap.
1141 3933 1229 3984 Strab.
1244 3949 1291 3992 ιιι,
1303 3949 1328 3998 p.
1344 3936 1402 3996 637,
1417 3935 1451 3996 Ας
1466 3936 1585 3996 Σισίννης,
1597 3935 1701 3997 scythae
1718 3949 1790 3986 nom.
1805 3951 1847 3998 ap.

1081 3999 1189 4051 Lucien.
1206 4001 1267 4051 Too.
1280 4002 1310 4051 67
1322 4015 1362 4066 sq.

1114 4131 1270 4183 DCCXLIII.
1293 4135 1425 4186 Panormi.
1444 4147 1482 4182 xu
1500 4129 1597 4194 seculi;
1621 4131 1704 4184 edidit
1722 4133 1847 4183 Gualthe·

1081 4213 1126 4248 rus
1140 4197 1217 4249 rato.
1231 4202 1287 4250 ant.
1303 4200 1406 4262 Sicilia,
1424 4215 1449 4264 p.
1470 4199 1512 4260 96,
1528 4213 1554 4246 ιι.
1570 4199 1617 4258 rs,
1633 4196 1740 4263 repetiit
1751 4199 1847 4249 Kirch·

1080 4265 1144 4326 hoff,
1159 4264 1236 4330 Corp.
1255 4266 1317 4317 inec.
1337 4282 1378 4332 pr.
1397 4275 1416 4318 t.
1430 4265 1474 4326 IV,
1489 4279 1516 4328 p,
1532 4265 1579 4314 618
1593 4279 1633 4330 sq.
1647 4280 1674 4313 n.
1690 4265 1765 4315 9536.
1778 4285 1791 4312 e
1805 4266 1848 4316 Vi-

1081 4331 1156 4381 detur
1170 4331 1299 4396 Georgius
1314 4339 1466 4384 nosternon
1483 4329 1601 4380 diversus
1616 4345 1674 4382 esse
1695 4345 1711 4380 a
1731 4331 1848 4395 Georgia

1081 4396 1128 4448 illo
1141 4412 1218 4462 quern
1232 4405 1361 4450 memorat
1372 4398 1463 4450 titulus
1472 4397 1522 4455 Τὴν
1536 4397 1676 4462 εὐτυχῶς...
1690 4397 1769 4463 Corp.
1784 4399 1845 4448 inec.

1079 4479 1120 4530 qr.
1137 4465 1212 4525 9535,
1228 4463 1271 4513 hic
1288 4463 1349 4516 insr.
1363 4480 1389 4531 p.
1405 4463 1462 4516 748.

1122 4595 1279 4646 DCCXLIV.
1309 4595 1439 4646 Messana.
1467 4595 1532 4644 Post
1554 4595 1725 4646 Gualtherum
1756 4595 1845 4660 (rato.

1080 4665 1137 4712 ant.
1158 4663 1211 4714 Sic.
1233 4678 1258 4728 p.
1276 4663 1318 4722 79,
1334 4677 1360 4711 n.
1379 4663 1431 4723 10),
1456 4659 1538 4712 edidit
1557 4660 1745 4712 Kirchhofdius
1769 4663 1845 4726 Corp.

1081 4731 1143 4778 inec.
1162 4743 1202 4793 pr.
1217 4733 1236 4777 t.
1252 4729 1297 4786 lv,
1313 4743 1339 4792 p.
1360 4729 1417 4787 519,
1433 4743 1460 4777 n.
1478 4727 1553 4778 9509.
1571 4727 1734 4778 -Pertinet
1756 4728 1846 4778 titulus

1081 4794 1115 4846 ad
1126 4809 1223 4846 annum
1234 4809 1250 4845 a
1262 4793 1359 4844 mundo
1371 4801 1459 4844 creato
1471 4794 1545 4852 6667,
1557 4792 1602 4858 qui
1614 4793 1647 4844 ad
1659 4801 1777 4844 nostram
1788 4810 1846 4859 epo·

1081 4863 1158 4912 cham
1176 4869 1281 4911 exactus
1303 4875 1400 4911 annum
1419 4859 1489 4910 sistit
1503 4867 1563 4924 post
1587 4859 1648 4910 Chr.
1672 4861 1745 4910 1149.
1768 4861 1845 4910 Lucae

1081 4927 1159 4992 hujus
1177 4925 1389 4978 archimandritae
1407 4925 1585 4976 Messanensis
1608 4925 1705 4975 mentio
1724 4925 1805 4975 etiam
1818 4924 1845 4974 in

1082 4993 1164 5043 titulis
1179 4994 1256 5059 Corp.
1269 5007 1313 5044 nn.
1331 4994 1394 5044 6726
1407 4999 1433 5042 et
1448 4993 1521 5042 6727.
1537 5018 1567 5030 -
1581 4992 1627 5041 Vs.
1641 4993 1667 5041 6.
1684 4995 1843 5058 carpocrate

1082 5060 1100 5108 i.
1116 5075 1139 5108 e.
1154 5059 1298 5110 christiano
1317 5073 1405 5121 sensu,
1420 5057 1520 5109 domuit
1540 5072 1647 5108 carnem
1664 5073 1714 5122 quo
1734 5057 1842 5106 liberior

1081 5125 1185 5175 animus
1201 5127 1234 5174 ad
1249 5126 1332 5176 Deum
1346 5131 1424 5190 atque
1440 5125 1544 5183 coelum,
1560 5138 1650 5174 reram
1668 5122 1784 5173 hominis
1797 5137 1840 5187 pa-

1081 5191 1169 5250 triam,
1188 5193 1312 5249 evolaret,
1332 5193 1425 5256 gallice
1445 5190 1466 5240 tt
1484 5205 1502 5240 a
1522 5191 1634 5254 mortifid
1650 5204 1697 5240 son
1717 5203 1801 5253 corps,
1816 5197 1842 5236 ιιι

1081 5259 1151 5324 apud
1165 5258 1285 5320 Boesuet,
1298 5259 1341 5308 Or.
1352 5259 1412 5320 sart.
1427 5256 1463 5307 du
1476 5259 1503 5308 P.
1517 5259 1634 5322 Bostra:
1649 5276 1661 5302 a
1676 5255 1764 5306 Plistia
1778 5253 1842 5306 [lieu
