3882 6080
235 347 291 404 tt8
687 341 943 402 ANTHOLOGIAE
965 341 1115 404 GRAECAE
1135 347 1362 410 APPENDICIS

235 478 309 548 Φησὶ
321 477 374 554 γάρ
389 471 478 547 οὗτος,
493 459 569 550 ipos
582 472 617 544 ἦν
631 471 789 552 τιρόθροτος·
804 476 833 540 δς
847 473 871 531 δ’
886 475 930 531 δτι
945 477 996 531 οὐκ

274 567 382 642 φάσκων
397 563 433 627 ὥς
444 581 483 626 τις
497 563 555 633 ἔην,
572 561 644 626 οὔτις
658 562 706 632 άην
722 562 760 618 δι’
776 563 835 634 δην.
936 561 993 644 [lq

483 791 532 848 36·
554 798 618 848 Tor
633 800 744 849 ΔΠῸΥ.

273 914 342 968 arvo
357 908 509 982 ιιιιωοην,
526 909 600 967 etia
617 909 723 989 petto
737 897 833 985 lup

273 997 338 1056 ἰδὼν
350 1001 402 1077 γάρ
418 1000 499 1054 αὐτὸν
512 995 629 1076 πρίσθυν
643 1001 693 1056 οὐκ
705 1002 837 1080 ἠνέσχετο

272 1089 304 1142 τά
322 1089 360 1163 μὴ
376 1089 407 1142 οὐ
421 1087 452 1142 τὸ
466 1084 564 1142 λοιπὸν
577 1087 665 1142 άνεσιν
679 1089 705 1142 ἐν
721 1086 822 1166 φθιτοῖς
836 1090 908 1168 ίχιιν

273 1177 402 1230 τοσοῦτον
417 1172 589 1245 ἀντλήσαντα
602 1177 651 1230 τοῦ
668 1173 729 1250 βίου
742 1180 853 1254 χρόνον.

489 1315 538 1372 37.
559 1324 621 1374 ΤΟΥ
637 1324 748 1375 ΑΥΤΟΥ.

235 1440 336 1510 Βίωνα,
351 1439 397 1493 τὸν
410 1435 580 1516 Βορυσθένης
593 1439 673 1516 lquor
684 1444 722 1516 γῆ
738 1439 885 1514 Σκύθισσα,
906 1462 910 1469 ·

234 1525 324 1602 λέγειν
339 1527 476 1602 ἀκούομεν
491 1523 569 1590 θεοὺς
583 1527 619 1591 ὡς
633 1525 712 1582 οὐδέν
726 1529 791 1584 εἰσιν
807 1529 898 1594 ὄντως.

235 1615 285 1670 Kal
300 1614 348 1690 μίν
361 1613 392 1668 τθ
407 1609 500 1689 δόγμα
516 1613 591 1670 τοῦτ’
606 1614 675 1692 ίχων
691 1615 814 1693 ίμιμνεν,
828 1615 865 1687 ἦν
879 1617 913 1674 ἂν
930 1618 1000 1683 clad<

235 1699 335 1778 λίγειν,
349 1702 455 1779 φρονεῖν
467 1699 540 1766 ὅπως
554 1698 639 1758 δοκεῖ·
654 1705 743 1769 κακῶς
756 1705 816 1782 μίν,
831 1703 895 1762 ἀλλ’
909 1703 997 1772 ἔδοξε.

212 1966 290 2022 oller
302 1961 326 2019 δ’
336 1965 362 2028 ἐς
370 1967 450 2021 νόσον
459 1965 547 2021 τεσὼν
560 1965 668 2044 μακρὴν
678 1967 726 2022 καί
739 1968 778 2044 μή
790 1966 860 2046 θάνη
872 1967 1000 2034 δεδοικὼς

236 2053 251 2108 θ
269 2053 308 2129 μή
324 2049 401 2117 θεοὺς
415 2049 483 2109 εῖναι
495 2050 594 2130 λίγων,
611 2054 706 2126 δνηδν
722 2051 786 2112 otti
803 2055 917 2136 βλάψας,

236 2137 355 2196 διτολλδ
367 2138 505 2218 χλευάσας
522 2139 645 2219 βροτοὺς,
662 2142 722 2198 ὅσοι
735 2140 805 2210 θεοῖς
819 2143 909 2220 ἔθυον,

237 2229 268 2283 οὐ
285 2230 386 2304 μοῦνον
400 2229 519 2307 ίσχάρης
532 2227 611 2307 δτεερ,
627 2227 728 2307 βωμῶν
740 2250 769 2287 τε
780 2235 828 2288 καὶ
840 2231 976 2312 τραπίζης

236 2317 326 2392 κνίση,
342 2313 427 2381 λίπει,
443 2311 599 2392 θυλήμασιν
612 2315 679 2372 θεῶν
694 2315 784 2375 ίδαισε
799 2321 882 2398 ῥῖνας.

199 2682 225 2729 lt
237 2661 303 2720 Οὐδ’
314 2660 371 2720 sieta
384 2667 495 2739 μοῦνον·
508 2649 617 2738 Βλετον,
632 2668 767 2743 σύγγνωτε
778 2672 833 2734 τοῖς
841 2671 913 2748 πρίν·
926 2669 1001 2730 ἀλλά

236 2753 283 2808 καί
295 2754 360 2830 γραί
374 2748 458 2808 δῶκεν
474 2754 598 2830 εὐμαρῶς
610 2752 751 2833 τράχηλον
767 2759 804 2820 είς
817 2755 926 2835 tapeto

235 2841 283 2895 καί
296 2841 413 2895 σκυτίσιν
430 2837 578 2919 βραχίονας
591 2846 775 2918 πεπεισμίνως
788 2841 880 2916 άδηοε·

236 2930 340 3005 ῥάμνον
352 2947 381 2983 τε
395 2929 443 2983 καί
455 2925 558 2984 κλάδον
573 2925 678 3007 δάφνης
691 2931 757 3008 ὑπὲρ
772 2929 856 3010 θύρην
871 2931 978 3006 άθηκεν,

236 3016 343 3070 ἅπαντα
359 3013 465 3092 μᾶλλον
479 3015 499 3086 ἢ
515 3015 603 3072 θανεῖν
617 3016 726 3094 ίτοιμος
739 3017 776 3074 δν
791 3021 945 3100 ὑπουργεῖν.

199 3122 225 3169 15
236 3104 332 3180 Βωρδς
347 3100 371 3158 δ’
387 3104 416 3168 δς
428 3101 527 3174 ἦθελίν
538 3124 609 3171 τινος
624 3103 721 3181 μισθοῦ
736 3107 767 3162 rt
780 3104 851 3163 θεῖον
866 3107 945 3178 εἶναι,

236 3193 271 3254 ὡς
283 3193 335 3245 τῶν
351 3188 418 3246 θεῶν
433 3191 517 3248 άντων
532 3190 596 3247 ὅταν
608 3191 678 3247 Βίων
693 3189 762 3271 θίλη
776 3191 908 3271 νομίζειν.

235 3280 336 3356 Τοιγάρ
349 3281 438 3354 μάτην
447 3281 563 3356 φρονῶν,
572 3277 612 3336 άτ*
621 3277 657 3350 ἦν
667 3279 738 3345 άτας
747 3282 762 3336 d
771 3279 877 3361 λέμφος
886 3283 998 3366 ἄνθραξ,

235 3367 284 3436 τὴν
301 3368 381 3444 χεῖρα
403 3367 489 3430 τείνας
508 3363 560 3422 dii
581 3385 646 3435 κως,
669 3366 793 3448 «Χαῖρ’,
816 3367 884 3440 εἷπε,
907 3378 998 3454 χαῖρε,

818 3456 962 3538 [Πλουτεῦ.
984 3487 997 3517 ι

1050 480 1100 537 Hic
1117 483 1186 539 euim
1207 485 1254 552 ait,
1270 487 1329 560 Ego
1348 505 1421 546 eram
1440 491 1667 560 antea-mortalis3
1679 492 1722 548 ille
1734 511 1810 561 vero,

1542 578 1661 651 [quando
1674 595 1727 636 non
1741 587 1810 644 erat,

1085 659 1178 716 dicens
1200 677 1261 716 sese
1284 661 1400 734 aliquem
1421 680 1496 729 esse,
1519 681 1598 721 nemo
1620 667 1813 740 eratquaudo

1313 813 1357 866 oe.
1377 810 1551 870 crusnam.
1729 753 1812 825 [m

1052 931 1145 988 Laudo
1160 925 1326 998 Cleanthem,
1343 932 1392 990 sed
1404 933 1493 1008 magis
1507 934 1606 991 Orcum
1622 952 1630 992 ε

1050 1018 1147 1075 videns
1161 1017 1231 1074 enim
1246 1017 1335 1092 ipsum
1347 1035 1439 1075 senam
1454 1021 1585 1078 contulit

1051 1103 1117 1179 quin
1131 1103 1159 1160 in
1172 1109 1311 1179 posterum
1325 1105 1444 1179 quietem
1462 1107 1533 1163 inter
1550 1115 1671 1167 mortuos
1685 1107 1815 1176 haberet,

1052 1197 1157 1249 tantum
1170 1189 1217 1265 qui
1231 1191 1416 1250 exantlaverat
1425 1193 1487 1250 vita
1500 1201 1618 1268 ternpus.

1314 1336 1358 1390 ³7.
1379 1333 1550 1426 EJUSDEM.

1053 1455 1176 1522 Sionem,
1187 1473 1266 1528 quem
1281 1455 1465 1530 Borysthenes
1479 1457 1583 1530 genuit,
1594 1464 1668 1515 terre
1679 1457 1815 1532 scythica,

1053 1542 1143 1599 dicere
1157 1542 1282 1598 audimus
1296 1543 1363 1598 deos
1375 1559 1548 1617 nequaquam
1559 1561 1620 1600 esse
1633 1544 1751 1602 omnino.

1053 1630 1132 1700 Quod
1146 1631 1170 1686 si
1186 1629 1214 1686 in
1228 1629 1364 1687 sententia
1383 1647 1464 1704 quam
1485 1631 1614 1696 babebat,
1630 1637 1816 1705 permaneret,

1665 1717 1726 1791 [par
1740 1725 1817 1773 esset

1053 1803 1143 1861 dicere
1160 1821 1221 1861 eum
1235 1803 1335 1860 sentire
1354 1810 1384 1860 ut
1397 1803 1518 1872 ridetur;
1538 1801 1607 1860 male
1623 1802 1742 1878 quidem,
1766 1803 1817 1858 sed

1670 1891 1814 1964 [sensisse.

1053 1980 1132 2036 Nunc
1145 1985 1236 2036 autem
1250 1979 1278 2035 in
1293 1977 1417 2035 morbum
1431 1995 1492 2035 cum
1510 1977 1637 2034 inciderit
1649 1977 1770 2051 longum,
1788 1987 1818 2035 et

1511 2065 1700 2135 [nemoriatur
1715 2066 1817 2122 timens

1053 2154 1100 2230 qui
1114 2171 1168 2211 nou
1182 2153 1249 2210 daos
1260 2170 1320 2210 esse
1331 2151 1447 2218 dicebat,
1457 2151 1505 2226 qui
1514 2170 1548 2208 ue
1560 2151 1690 2226 templum
1704 2151 1818 2226 quidem

1646 2241 1815 2313 [aspexerat

1053 2330 1101 2404 qui
1114 2347 1187 2404 sape
1199 2329 1321 2386 irriserat
1334 2327 1470 2394 mortales,
1480 2334 1653 2403 quotcunque
1663 2328 1717 2384 diis
1729 2328 1818 2384 sacri-

1673 2417 1817 2488 [iicabant,

1053 2506 1209 2564 nouaclum
1223 2522 1306 2580 super
1319 2505 1417 2571 iocum,
1428 2521 1545 2579 arasque
1560 2513 1588 2562 et
1598 2522 1706 2564 mansas
1739 2507 1817 2578 [bus.

1053 2594 1158 2660 nidore,
1167 2593 1258 2668 adipe,
1267 2593 1429 2651 suffimentis
1438 2593 1549 2650 deorum
1556 2594 1817 2668 epulas-deditnari-

1054 2682 1149 2756 Neque
1162 2681 1250 2738 solum
1261 2681 1349 2738 dixit:
1362 2681 1488 2746 Peccari,
1501 2681 1635 2754 ignoscite
1645 2681 1750 2755 priora,
1766 2683 1818 2738 sed

1054 2776 1082 2826 et
1094 2769 1159 2826 anui
1172 2768 1249 2825 dedit
1261 2767 1340 2824 facila
1354 2767 1450 2824 collum
1463 2767 1499 2824 ad
1516 2767 1726 2825 intentationem

1054 2865 1082 2915 et
1095 2857 1160 2914 loris
1173 2857 1286 2913 brachia
1298 2855 1457 2912 obedienter
1471 2855 1568 2929 ligarit
1584 2873 1591 2912 ι

1054 2945 1249 3018 rhamnumque
1268 2950 1297 3002 et
1310 2961 1414 3000 ramum
1434 2943 1503 3000 lauri
1520 2961 1603 3018 supra
1622 2944 1695 3002 lorea
1711 2945 1818 3018 posuit,

1054 3031 1145 3088 omnia
1162 3031 1254 3105 potius
1272 3046 1353 3103 quam
1371 3029 1450 3096 mori,
1465 3035 1578 3104 paratus
1597 3029 1819 3087 subministrare.

1053 3118 1160 3176 Stultus
1173 3117 1282 3192 quidem
1296 3116 1343 3192 qui
1353 3117 1468 3174 voluerit
1481 3115 1606 3174 mercede
1617 3117 1735 3190 quadam
1745 3115 1814 3172 diri·

1605 3203 1727 3278 [nitatem
1742 3221 1819 3269 esse,

1055 3293 1134 3367 quasi
1146 3293 1184 3350 dii
1198 3299 1291 3350 essent
1301 3309 1363 3349 cum
1375 3291 1446 3350 Bion
1457 3291 1540 3349 uellet
1553 3291 1674 3349 credere.

1054 3381 1164 3440 Scilicet
1179 3381 1281 3438 frustra
1299 3385 1356 3436 tum
1371 3377 1493 3453 sapiens,
1506 3395 1569 3435 cum
1587 3385 1662 3436 esset
1679 3383 1756 3436 totus
1770 3380 1817 3436 sti-

1582 3465 1644 3540 [pes
1655 3465 1707 3524 iste
1720 3465 1820 3533 carbo,

1054 3573 1163 3612 manum
1175 3553 1291 3613 tendens
1305 3553 1345 3610 sic
1357 3551 1476 3627 quodam
1488 3552 1578 3619 modo,
1590 3575 1605 3605 α
1614 3553 1704 3621 Salve,
1715 3553 1819 3628 iuquit,

1583 3640 1676 3713 [salve.
1693 3641 1786 3698 Pluto.
1805 3667 1821 3694 ι»

242 3776 1820 3806 --—--·—-—-—----—--—-----—-

236 3861 282 3910 llle
296 3875 355 3925 ego,
368 3859 440 3922 dixit,
452 3831 534 3924 cram,
550 3861 595 3928 qui
607 3861 671 3913 dixit
682 3864 740 3930 quis
755 3865 848 3929 tuerat,
864 3885 924 3921 oum

269 3959 320 3994 non
332 3944 426 4006 iuerat,
439 3951 559 4009 quantas,
573 3961 632 3996 cum
644 3945 702 4008 tuit,
713 3948 758 3999 ille
770 3947 835 4001 ruiti

827 4049 855 4084 ιι.
874 4049 997 4088 οιεοτιοι.

526 4113 567 4162 36.
586 4127 710 4165 ιιιυοοιιιι.

268 4219 338 4270 Sane
350 4220 500 4272 Cleanthem
512 4223 600 4282 laudo,
612 4223 658 4274 sed
670 4224 780 4275 Mortem
794 4223 879 4291 magis
895 4241 902 4276 ι

269 4319 327 4370 quea
341 4319 400 4355 cum
414 4319 503 4356 sanem
517 4305 615 4357 videret
627 4305 723 4372 ipsum,
737 4308 821 4360 noluit

269 4403 321 4438 non
333 4386 401 4438 inter
411 4389 518 4439 umbras
529 4395 652 4440 caeterum
666 4390 811 4455 quiescere,

269 4470 313 4536 qui
326 4477 399 4522 tanta
410 4471 470 4522 vitre
482 4479 600 4538 tempora
613 4475 799 4526 exantlarerat.
833 4491 861 4527 rr.
876 4491 996 4529 onorius.

526 4594 566 4642 ³7.
584 4607 707 4644 mosoma

237 4697 329 4759 Biona,
344 4714 420 4765 quern
435 4701 610 4764 Borysthenes
622 4701 650 4752 in
663 4703 770 4767 Scythia
782 4703 909 4769 produxit,

236 4783 304 4832 hunc
318 4782 456 4834 tradidisse
467 4783 617 4850 accepimus
628 4785 690 4837 deos
701 4785 768 4837 nihil
778 4803 836 4838 esse
846 4788 963 4840 omnino.

237 4865 346 4924 Quodsi
361 4865 487 4918 tenuisset
498 4866 599 4920 sortiter
609 4867 734 4935 placitum
747 4873 838 4931 semel,
851 4870 948 4923 dicturi

238 4962 341 4999 eramus
350 4963 356 4999 :
366 4945 450 5000 Sentit
459 4957 487 5000 ut
495 4951 581 5016 placet
589 4966 597 5013 ;
606 4951 674 5002 male
681 4951 779 5015 hercle,
787 4951 859 5004 atita
867 4951 995 5018 placebat.

117 5087 121 5094 Ι
237 5031 313 5082 Nunc
324 5047 394 5095 vero,
406 5031 434 5084 in
443 5033 563 5084 morbum
574 5041 604 5085 ut
612 5033 705 5086 incidit
713 5035 820 5102 longorm
830 5042 857 5085 st
870 5035 938 5088 mori
948 5035 997 5086 lor·

896 5118 995 5183 [midam.

1053 3889 1105 3925 non
1114 3887 1171 3924 esse
1179 3871 1224 3938 qui
1231 3869 1424 3936 dicitdeoe,qui
1430 3869 1556 3936 templum
1563 3885 1694 3936 nunquam
1700 3871 1820 3935 aspexit,

1052 3955 1153 4008 derisor
1166 3954 1211 4005 ille
1225 3951 1375 4004 mortalium
1388 3953 1472 4004 sacris
1484 3951 1529 4017 qui
1541 3967 1637 4002 numen
1648 3953 1765 4017 placant,

1052 4038 1200 4090 nouaclum
1211 4051 1290 4103 super
1301 4033 1438 4096 alteribus,
1450 4033 1514 4085 locis
1529 4043 1556 4084 et
1569 4049 1644 4086 sacra
1655 4049 1748 4086 mensa

1051 4121 1140 4188 adipe,
1153 4119 1245 4172 nidore
1255 4127 1283 4170 et
1295 4117 1396 4170 turibus
1410 4133 1488 4168 nares
1500 4117 1609 4168 deorum
1622 4116 1749 4184 implerit,

1052 4220 1101 4256 nec
1112 4205 1139 4256 id
1152 4203 1230 4255 modo
1247 4201 1312 4254 dixit
1323 4203 1391 4268 quod
1405 4201 1486 4263 solet;
1503 4199 1622 4262 Peccavi,
1637 4201 1741 4252 reniam
1753 4199 1820 4251 date

1679 4283 1796 4349 [delictis
1811 4300 1818 4333 ι

1053 4370 1098 4420 sed
1111 4371 1173 4421 anui
1187 4371 1264 4422 facile
1275 4369 1387 4436 praebuit
1398 4369 1495 4422 collum
1508 4368 1560 4419 sibi
1573 4368 1774 4430 excantandum,

1052 4453 1202 4504 obedienter
1215 4461 1242 4505 et
1254 4454 1318 4505 loris
1329 4452 1500 4504 devincienda
1515 4451 1633 4512 brachia,

1052 4537 1239 4602 rhamnumque
1253 4543 1280 4588 et
1293 4536 1358 4588 lauri
1373 4535 1489 4586 ramulos
1502 4549 1581 4600 super
1591 4535 1660 4586 lorea
1674 4532 1783 4601 posivit,

1051 4619 1244 4686 quidquidrelis
1250 4628 1384 4686 promptus
1391 4617 1475 4684 magis
1481 4617 1568 4670 subire
1574 4617 1817 4685 quamsepulcrum.

1052 4703 1167 4754 Stolidus
1179 4719 1250 4765 vero,
1263 4719 1293 4754 ex
1305 4703 1454 4754 mercedula
1466 4702 1510 4768 qui
1521 4700 1598 4752 diros
1612 4701 1799 4768 suspendebat,

1051 4793 1080 4836 ut
1095 4786 1118 4836 si
1136 4793 1197 4836 tunc
1215 4793 1303 4836 essent
1316 4786 1419 4850 quando
1436 4799 1481 4836 eos
1498 4783 1577 4834 Bioui
1592 4799 1651 4834 esse
1668 4782 1819 4849 expediret.

1051 4870 1161 4920 Frustra
1170 4883 1233 4935 ergo
1242 4867 1346 4934 sapiens
1354 4867 1403 4918 iste
1411 4868 1522 4932 stips,ut
1530 4867 1635 4918 sactu'st
1642 4867 1722 4918 carbo
1735 4873 1820 4926 totus,

1051 4951 1090 5004 aio
1102 4951 1182 5002 sermo
1194 4951 1302 5002 tendens
1316 4951 1459 5012 dexteram,
1476 4971 1489 4998 ε
1507 4951 1593 5011 Salve,
1613 4948 1707 5016 inquit,
1726 4950 1819 5010 Pluto,

1695 5033 1788 5100 [nive.
1801 5053 1819 5080 ι

1512 5133 1581 5169 broc.
1596 5133 1690 5170 MBRT·
1702 5133 1744 5168 D·
1759 5132 1808 5167 nn>
