3818 6012
465 387 591 450 CAPUT
612 390 635 450 l.
659 389 944 450 umuaauuuru
966 387 1236 451 uuuluuroalu.
1616 397 1651 454 bl

131 523 174 578 καί
187 519 254 576 κλύε
273 540 344 598 μου,
362 519 492 586 δέσποτα,
510 526 556 576 νῦν
573 507 683 600 ἱλάρου.

68 700 709 778 βψ........,.ρωνάνέθηκα

66 789 173 874 {diales
188 792 218 844 ἐκ
231 794 337 858 νήσοιο
353 774 442 844 ῥόδου
458 793 600 866 τέχνασμα
612 787 748 860 ποθείνον,

97 884 220 956 ,ίμμωνος
233 881 341 956 κεραοῦ
356 876 478 955 χάλκεον
494 880 648 941 ἀντίτυπον,

68 1016 98 1026 ,.
120 1015 126 1030 .
147 971 304 1046 προχέοντα
325 965 432 1044 βροτοῖς
448 963 610 1044 ἱερόδρομον
626 963 711 1043 ὕδωρ.

353 1119 538 1180 318.ΑΛΛο.

68 1254 152 1328 litigas
166 1247 224 1306 τόδ’
241 1251 381 1329 ὑψιφανὲς
396 1247 510 1330 Δη[οῦ]ς
530 1247 705 1332 [ζ]α[κόρ]οιο
727 1248 824 1329 δέδορ-

100 1343 183 1418 μυρίον
199 1343 226 1395 ἐν
243 1343 333 1418 σοφίη
349 1337 432 1404 κῦδος
447 1342 642 1417 ἐνεγκαμένου,

69 1433 89 1493 ός
99 1429 196 1492 τελετάς
211 1431 337 1506 ἀνέφηνε
351 1431 398 1484 καὶ
413 1429 496 1507 ὄργια
510 1432 637 1508 πάννυχα
654 1435 768 1507 μύσταις

98 1519 251 1595 Εὐμόλπου,
269 1521 401 1596 προχέων
416 1521 577 1597 ἱμερόεσσαν
593 1519 659 1586 όπα,

48 1609 139 1670 ίδςκαί
156 1606 318 1683 δυσμενέων
338 1605 422 1684 μόθον
441 1609 473 1662 οὐ
487 1611 590 1686 τρέσεν,
607 1606 672 1662 ἀλλ’
689 1609 806 1663 ἐσάωσεν

98 1699 198 1776 άχραντ’
216 1699 350 1775 ἀρρήτων
369 1695 470 1774 θέσμια
487 1694 678 1776 Κεκροπίδαις·

70 1785 182 1863 άμίκαρ,
201 1789 232 1841 όν
248 1789 300 1841 καὶ
317 1783 352 1856 δῆ
359 1806 408 1862 μσς
424 1787 626 1863 ἐπεστεφάνωσε
640 1788 775 1864 γεραίρων

70 2147 129 2238 liar]
143 2165 187 2217 καί
203 2161 322 2239 μύθοισι
335 2165 383 2220 καί
396 2165 423 2220 ίν
440 2167 569 2241 μοόσαισι
581 2166 740 2242 κρατίστους

100 2249 186 2328 άνδρας
200 2251 389 2328 ἀγακλειτοὺς
403 2255 515 2331 τέτροφε
530 2255 682 2331 Κεκροπὶη,

71 2337 97 2392 ὧν
109 2343 149 2394 ἕνα
160 2343 207 2395 καί
222 2338 378 2408 Δέξιππον,
396 2343 425 2407 ός
438 2343 559 2420 ἱστορίην
575 2340 733 2420 ίσαθρῆσας

13 2474 14 2504 ,
100 2432 184 2494 αἱῶνος
198 2427 337 2510 δολιχήν,
355 2433 488 2510 ἀτρεκέως
503 2431 613 2509 ἱφρασε.

13 2505 15 2574 ἱ
52 2519 111 2572 blial
122 2521 151 2573 τά
168 2521 215 2595 μίν
231 2522 321 2584 αὐτός
336 2517 437 2584 ἐπεῖδε,
451 2523 486 2575 τὰ
499 2517 523 2574 δ’
538 2521 568 2576 ἐκ
580 2516 682 2595 βίθλων
694 2511 829 2583 άναλέξας

13 2601 14 2648 Ῑ
76 2673 84 2690 ‚
99 2606 193 2685 ηὕρατο
207 2613 349 2680 παντοίην
368 2611 488 2687 ἱστορίης
502 2611 633 2686 ἀτραπόν.

72 2697 87 2748 Η
101 2701 162 2772 μέγα
175 2697 287 2762 κλεινός
302 2702 384 2778 άνῆρ,
403 2699 432 2762 δς
445 2701 493 2752 νοῦ
510 2699 565 2753 ἄπο
582 2700 678 2775 μυρίον
694 2696 774 2771 ὄμμα

13 2805 14 2816 ³
101 2787 217 2852 ἐκτείνας,
234 2790 369 2866 χρονίους
383 2782 501 2864 πρῆξιας
516 2781 643 2862 ἐξέμαθε.

72 2875 143 2948 Φήμη
160 2879 205 2952 μὲν
222 2873 378 2955 περὶθωτος
395 2861 646 2946 άν’1θλλάδα,τῆν
662 2875 677 2930 ό
692 2873 809 2946 νεανθῆς

43 2973 61 3019 lu
102 2961 165 3027 αἱνος
176 2961 307 3042 Δεξίππῳ
324 2962 410 3020 δῶκεν
428 2962 469 3041 ἱφ’
487 2966 604 3042 ἱστορίη.

12 3055 13 3086 ³
72 3051 173 3108 Τοίνεκα
183 3057 231 3110 καί
244 3053 345 3118 παῖδες
358 3056 406 3110 τόν
425 3051 588 3131 ἀγακλειτὸν
602 3056 738 3132 γενετῆρα

104 3147 251 3219 μυρφήεντα
266 3142 350 3200 λίθου
364 3141 453 3212 θῆκαν
469 3139 661 3219 άμειθόμενοι.

358 3379 542 3440 υίο.εοιο.

73 3509 132 3578 lud-a
149 3508 220 3591 [μέν]
235 3510 404 3588 σιγαλόεντα
421 3509 578 3590 Σαράπιδος
594 3510 787 3590 ὑψιμέδοντος,

102 3597 142 3669 ἠδ’
157 3603 237 3658 αὐτόν
250 3606 360 3680 χρυσοῦ
377 3605 586 3679 παμφανόωντα
603 3601 710 3676 βολαῖς,

74 3691 187 3756 στήσαντο
201 3687 322 3769 ζάκορός
335 3711 365 3746 τε
380 3693 538 3768 Διόσκορος,
553 3687 607 3761 ἠδὲ
622 3689 762 3768 Κυρίλλου

104 3779 201 3844 είνίτις,
217 3782 238 3850 ἡ
257 3783 389 3858 μακάρων
407 3783 528 3856 μήποτε
546 3777 705 3856 ληθομίνη,

55 3870 110 3922 laxi
121 3863 166 3923 δίο
178 3873 227 3939 τῆς
241 3871 331 3938 αὐτῆς
342 3873 438 3945 γενεῆς
453 3869 501 3924 ἕνα
516 3867 617 3944 θεσμόν
636 3869 754 3946 ἔχοντες,

105 3953 151 4011 οἶαι
165 3957 278 4035 μέμηλε
291 3956 395 4028 κλυτῆς
411 3959 477 4036 ἔργα
490 3959 649 4035 νεωκορίης.

361 4111 430 4168 tal.
449 4117 546 4168 ΑΛΛΟ.

77 4237 190 4320 Ετπερίης
203 4248 296 4316 πάσης
309 4243 410 4322 χθονός
425 4241 539 4322 όάριμον
553 4241 696 4322 ἱθυντῆρα,

83 4400 88 4412 ,
107 4330 286 4408 Μαρκελλίνου
303 4331 380 4410 ἄθρει
395 4331 554 4411 θαρραλέως
567 4333 683 4408 ταμίην,
698 4326 818 4340 '''''

77 4413 183 4484 διλάδος
196 4419 305 4498 ἀγλαόν
321 4422 406 4498 ἔρνος,
425 4421 455 4485 δς
473 4418 586 4498 εὐδοκὶη
602 4422 648 4474 καί
661 4422 758 4498 άρωγῆ

107 4505 232 4585 κουφίζων
250 4509 358 4582 πόλιας,
378 4507 461 4580 θῆκεν
478 4508 672 4586 ἐλαφροτέρας..

361 4802 419 4850 320.
438 4815 526 4850 aurun.

12 4931 13 4942 ¹
79 4918 162 4971 Cuncta
173 4920 344 4986 gubernantis
357 4921 442 4970 iecere
455 4916 591 4983 Serapidis
603 4918 696 4982 aedem,

104 5003 155 5052 auri
166 5007 232 5070 quod
246 5004 332 5056 radiis
346 5002 435 5054 nobile
448 5001 531 5066 fulget
544 5018 619 5068 opus,

79 5101 196 5140 sanorum
207 5089 248 5140 cui
262 5103 338 5149 cura,
352 5087 506 5146 Dioscorus,
520 5093 598 5152 atque
611 5084 701 5148 cyrilli

104 5181 272 5234 rennuente
287 5173 332 5240 pia
346 5171 455 5224 numina
469 5187 574 5238 semper
588 5184 690 5231 amaus,

80 5261 102 5308 el
109 5258 153 5310 duo
166 5260 307 5311 concordes
324 5257 471 5308 animorum
487 5255 585 5306 loedere
597 5253 663 5314 uoti,

952 529 1034 595 etque
1050 520 1149 578 exaudi
1165 538 1217 588 me,
1232 518 1352 588 domine,
1368 537 1439 575 nuuc
1455 519 1587 576 Hilarum.

880 700 911 754 b*
914 741 1373 761 ................
1396 699 1521 756 dedicavi
1543 701 1650 774 [rabile,
1677 723 1679 728 ’

916 809 930 846 e
943 791 1103 866 longinquo,
1114 810 1149 848 ex
1158 792 1246 850 insula
1262 794 1363 850 Rhodo
1378 792 1526 851 artificium
1547 792 1653 848 deside-

916 879 1056 935 Ammonis
1070 879 1177 935 cumuli
1190 897 1293 937 eneam
1307 882 1424 956 figuram
1531 883 1651 956 [aquam.

881 965 1008 1038 [cunctis]
1028 967 1239 1040 profundentem
1261 970 1423 1028 mortalibus
1445 979 1657 1028 sacrato-cursu

1180 1126 1242 1178 318.
1263 1135 1362 1178 aurun.

882 1255 1325 1314 Monumentumhucceexcelsum
1334 1257 1653 1315 Cererisministrirides

768 1338 828 1420 [ass
918 1346 1061 1420 plurimam
1074 1345 1211 1420 sapientia
1227 1345 1344 1418 gloriam
1356 1345 1460 1420 adepti,

883 1432 929 1505 qui
944 1432 1013 1488 ritus
1026 1431 1177 1490 exhibebat
1191 1438 1218 1488 et
1232 1431 1312 1504 orgia
1326 1440 1460 1489 nocturna
1473 1434 1572 1508 mystis

919 1521 1054 1596 Eumolpi,
1072 1521 1242 1596 profundens
1256 1521 1447 1578 suavissimum
1462 1539 1567 1590 vocem,

882 1609 929 1682 qui
941 1610 985 1665 vel
997 1609 1118 1666 bostium
1133 1609 1265 1682 impetum
1280 1626 1334 1664 non
1351 1609 1451 1676 timuit,
1467 1609 1515 1666 sed
1536 1608 1654 1666 servarit

918 1698 1075 1772 impollutas
1090 1697 1284 1772 mysteriorum
1298 1697 1376 1771 leges
1392 1698 1552 1772 Cecropidis
1567 1717 1575 1755 :

883 1806 899 1844 o
909 1789 1086 1856 fortunatum,
1094 1805 1176 1861 quem
1189 1793 1217 1844 et
1225 1787 1345 1862 populus
1356 1787 1498 1844 coronavit
1508 1803 1655 1846 munuaus

884 2163 1054 2220 Fortitudine
1069 2169 1097 2220 et
1110 2161 1282 2220 orationibus
1295 2167 1323 2219 ct
1336 2161 1435 2218 litteris
1450 2161 1570 2234 optimos

918 2253 992 2310 viros
1005 2252 1209 2310 valde-inclitos
1224 2251 1291 2309 aluit
1306 2250 1449 2324 Cecropia,

883 2357 998 2416 quorum
1012 2358 1095 2398 unum
1110 2346 1138 2396 et
1155 2339 1322 2414 Dexippum‚
1336 2337 1385 2412 qui
1400 2337 1544 2394 historiam
1559 2355 1657 2414 specu·

919 2434 1073 2502 temporum
1086 2427 1208 2501 longam,
1224 2443 1289 2483 vere
1307 2425 1448 2501 exposuit.
1573 2427 1656 2500 [latus

885 2517 918 2575 Et
933 2517 991 2574 haec
1004 2517 1114 2592 quidem
1129 2517 1189 2590 ipse
1202 2516 1280 2586 vidit,
1292 2516 1338 2572 illa
1353 2523 1446 2574 autem
1458 2533 1519 2574 eum
1532 2532 1567 2571 ex
1579 2515 1656 2572 libris

918 2607 1022 2682 reperit
1036 2607 1139 2663 variam
1155 2606 1277 2663 historia
1293 2605 1376 2661 viam.
1474 2605 1655 2680 [collegisset

885 2695 1012 2754 Proiecto
1027 2695 1105 2752 valde
1121 2695 1231 2752 inclitus
1247 2697 1294 2753 ille
1310 2695 1361 2762 vir,
1378 2695 1424 2769 qui
1440 2712 1455 2750 e
1472 2702 1563 2752 mente
1577 2694 1657 2750 iunu-

1449 2785 1552 2858 [meros
1565 2783 1659 2840 oculos

920 2875 1074 2944 intendens,
1091 2873 1190 2948 longos
1205 2891 1457 2930 rerum-successus
1473 2873 1595 2930 edidicit.

887 2964 970 3019 Fama
978 2962 1087 3036 quidem
1095 2961 1234 3018 celebrata
1243 2980 1292 3037 per
1303 2961 1448 3032 Graeciam,
1458 2979 1540 3036 quam
1552 2979 1659 3018 recens-

920 3050 980 3106 laus
994 3048 1120 3124 Dexippo
1135 3049 1212 3106 dedit
1226 3050 1261 3106 ob
1276 3049 1430 3106 historiam.
1550 3049 1659 3122 [florida

886 3138 1020 3208 Quocirca
1034 3143 1061 3193 et
1076 3135 1123 3192 lilii
1138 3138 1358 3196 valde-inclitum
1370 3138 1526 3212 genitorem

921 3225 1013 3301 lapide
1022 3225 1142 3282 elllctum
1154 3225 1352 3284 dedicaverunt
1360 3227 1656 3301 gratiam-relerentes.

1183 3380 1244 3434 320.
1266 3389 1366 3431 amun.
1524 3422 1657 3497 mantis,

885 3517 1027 3591 Templum
1039 3514 1149 3590 quidem
1168 3513 1333 3586 stupendum
1346 3511 1491 3586 Sarapidis
1507 3512 1659 3569 inulte-re

922 3613 1004 3681 atque
1026 3605 1117 3678 ipsum
1136 3602 1227 3660 aureis
1248 3601 1429 3658 collucentem
1451 3601 1574 3674 jactibus
1588 3601 1619 3673 (i.
1633 3617 1656 3657 e.

886 3701 1047 3754 struxerunt
1060 3691 1231 3765 adituusque
1246 3691 1395 3746 Dioscorus
1407 3699 1436 3747 et
1446 3689 1540 3763 Cyrilli
1551 3687 1658 3762 [radiisl

922 3783 1033 3857 conjux,
1042 3779 1226 3851 beatorum(i.
1240 3796 1263 3836 e.
1273 3778 1396 3852 deorum)
1409 3795 1550 3851 nunquam
1561 3775 1656 3844 oblita,
1727 3793 1730 3800 ·

887 3882 915 3931 ct
929 3872 983 3928 duo
998 3869 1121 3944 ejusdem
1132 3867 1220 3924 iamili
1262 3885 1346 3924 uuum
1361 3866 1443 3923 ritum
1457 3866 1602 3936 habentes,

922 3959 1022 4035 quibus
1036 3963 1183 4014 curae-sunt
1197 3955 1297 4012 inclita
1313 3973 1399 4029 opera
1414 3954 1558 4011 neocorioe.

1178 4111 1242 4165 tel.
1265 4116 1365 4160 aurun.

889 4245 1028 4321 Hesperie
1042 4243 1128 4302 totius
1139 4248 1221 4299 terra
1237 4242 1337 4298 fortem
1354 4245 1489 4296 rectorem

924 4331 1110 4389 Marcellinum
1127 4329 1305 4386 cum-fiducia
1320 4333 1417 4402 specta
1432 4329 1608 4398 quasimem·

888 4423 998 4481 Gracia
1006 4421 1109 4478 clarum
1119 4437 1242 4494 germen,
1253 4417 1299 4492 qui
1310 4414 1504 4473 benevolentia
1517 4419 1544 4468 et
1556 4409 1658 4468 auxilio

924 4512 1043 4570 allevans
1059 4509 1152 4578 urbes,
1166 4527 1212 4566 eus
1227 4506 1292 4563 lecit
1306 4503 1490 4563 commodiore
1506 4507 1590 4558 statu.

921 4797 1031 4847 aedituos
1045 4795 1114 4846 istud
1127 4810 1193 4860 quos
1206 4791 1257 4844 sibi
1269 4790 1350 4841 limen
1364 4790 1445 4840 habet
1591 4803 1616 4836 u.
1632 4800 1657 4836 u.

1188 4889 1245 4954 321.
1265 4899 1353 4935 aurun.

886 4995 1042 5046 Marcellum
1055 4993 1109 5044 iera
1124 5007 1194 5042 mors
1209 4987 1307 5053 rapuit,
1319 4986 1364 5053 qui
1379 4985 1506 5052 l'esperis
1518 4999 1592 5034 axem

920 5080 996 5140 rexit,
1009 5087 1035 5130 et
1050 5077 1160 5142 Odrysio
1175 5085 1290 5142 quaestor
1305 5075 1333 5126 in
1348 5075 1411 5124 orbe
1427 5073 1498 5124 suit:

886 5165 1013 5232 sauguine
1028 5165 1059 5215 de
1072 5162 1152 5214 Graio
1168 5177 1275 5227 germen
1290 5159 1440 5227 praelustra,
1455 5157 1551 5210 levavit

919 5249 1072 5316 Cycladicas
1083 5251 1163 5299 urbes
1178 5247 1222 5314 qui
1237 5247 1355 5298 bonitate
1370 5259 1428 5295 sua.
