3882 6080
664 434 789 494 CAPUT
810 431 860 492 vl.
886 429 1074 492 ORACULA.

62 572 109 638 tori
122 570 165 645 pia
180 566 330 644 ἐλευθερίας
344 569 380 631 εἰς
393 570 482 642 τίμιον
498 563 571 622 οἶκον
584 567 700 643 ἄγουσα,

92 659 109 728 al
123 655 146 712 δ’
163 658 205 710 ἐπὶ
220 654 344 719 δουλείας
359 656 471 732 ρευιιτόν
487 651 573 730 δόμον
583 655 737 732 ἡμερίοισι·

92 833 191 903 καλιήν
209 833 256 910 μὲν
271 829 316 887 διό
327 829 351 886 τ’
367 827 533 908 ἀνδροσύνης
547 833 621 908 ίερῆς
634 829 658 885 θ’
674 831 803 906 ὁμονοίας

93 921 244 996 ίοτιπερᾶν,
260 919 295 988 ἣν
311 916 345 987 δὴ
360 917 438 980 λαοῖς
450 915 560 993 ἡγεῖσθε
577 915 714 972 κέλευθον·

92 1008 136 1076 την
150 1004 177 1061 δὲ
193 1004 239 1061 διὰ
252 1009 381 1083 στυγερῆς
395 1003 482 1082 ἔριδος
495 1007 542 1059 καί
557 1002 702 1068 ἀνάλκιδος
717 1005 783 1073 ἄτης

62 1095 83 1140 ¹5
93 1097 315 1170 είσαριιιόνουσιν·
329 1095 379 1163 τὴν
394 1089 429 1161 δὴ
444 1088 584 1168 πεφύλαξο
602 1091 730 1168 μάλιστα.

321 1241 370 1298 25.
392 1249 454 1296 τον
472 1249 580 1298 umor.

130 1353 325 1416 Δακεδαιμονίων
340 1355 463 1416 βασιλεῦσι
477 1350 592 1417 Χαριλᾶιρ
606 1352 648 1400 nsi
666 1351 801 1417 Ἀρχελάῳ.

93 1473 122 1527 El
133 1491 175 1526 ιιεν
188 1473 333 1542 όπιιιτητοιι
351 1472 448 1548 μοίρης
459 1469 547 1548 λάχος
559 1455 705 1526 Aeolion

91 1560 171 1636 ῆρισυ
186 1555 332 1630 δάσωνται,
347 1555 419 1614 πολὺ
433 1557 517 1613 λώϊον
529 1557 634 1614 iocerne
648 1559 748 1624 αὐτοῖς.

335 1708 382 1765 26.
406 1715 587 1764 nornrror.

160 1819 296 1884 Ἀλκαμένει
309 1819 350 1869 καὶ
365 1819 504 1882 θεοπόμιιῳ
518 1819 568 1874 τοῖς
581 1819 777 1882 Λακεδαιμονίων

398 1893 532 1958 βασιλεῦσι.

91 1999 108 2068 A
124 2012 332 2091 φιλοχρηματία
347 2015 472 2090 Σπάρταν
487 2011 556 2076 ὀλεῖ,
574 2011 643 2067 ἄλλο
660 2009 688 2066 δὲ
708 2010 797 2068 οὐδέν.

339 2155 387 2211 97.
409 2167 471 2214 ΤΟΥ
486 2167 594 2216 ΑΠΟΥ.

126 2288 235 2364 Ιίοόρην
253 2287 387 2364 ἄχραντον
401 2289 547 2363 νερτέροισι
561 2282 675 2360 δαίμοσι

126 2373 220 2450 κλήρῳ
236 2371 378 2450 λαχοῦσαν
391 2369 542 2428 Αἰπυτιδῶν
556 2370 603 2448 ἀρ’
619 2372 743 2447 αἵματος,

126 2459 288 2531 θυηπολείτε
302 2462 466 2538 νυκτέροισιν
481 2460 507 2514 ἐν
522 2462 645 2536 σφαγαῖς.

124 2548 182 2623 Χρὴ
200 2545 236 2616 δ’,
253 2547 285 2602 ἂν
300 2550 374 2624 pop-p
385 2567 428 2622 γε,
443 2548 490 2601 καὶ
503 2547 567 2623 παρ’
582 2545 697 2602 ἀλλοίου
712 2550 771 2602 τότε

66 2643 78 2688 5
125 2633 208 2700 δυεῖν,
223 2631 346 2698 διδόντας
360 2637 386 2699 ίς
397 2635 504 2710 σφαγὴν
520 2635 655 2698 ἑκουσίως.

341 2785 390 2843 28.
413 2791 476 2840 nor
484 2791 594 2841 amor.

392 2897 546 2955 Μεσσηνίοις.

87 3016 223 3094 Παρθένον
237 3013 369 3071 Αίιιυτίδα
382 3014 485 3092 κλῆρος
494 3015 583 3088 καλεῖ,
599 3018 696 3086 ἥντινα
710 3013 789 3088 δοίης

85 3101 199 3180 δαίμοσι
211 3107 363 3182 νιρτερίοις,
379 3106 426 3158 ιιαί
439 3123 483 3158 κεν
499 3106 609 3168 σώσειας
623 3089 742 3181 ίθόιμην.

335 3251 383 3309 29.
406 3258 468 3306 Tor
480 3257 589 3306 error.

382 3365 539 3422 Μισσηνίοις.

83 3479 148 3538 libra
163 3487 263 3560 τράγος
276 3486 369 3561 πίνησι
382 3481 470 3553 Νίδης
482 3483 636 3562 όλιιιόρροον
651 3481 734 3562 ὕδωρ,

83 3573 174 3626 obnisa
189 3573 333 3642 Μεσσήνην
349 3574 460 3650 ῥύομαι·
475 3568 602 3648 σχεδόθεν
615 3573 668 3650 γὰρ
683 3571 802 3652 ὄλεθρος.

82 4027 167 4078 altera
182 4027 323 4076 honoratas
338 4024 387 4076 sert
401 4023 540 4076 Libertatis
554 4026 586 4076 aul
601 4027 681 4087 sedes,

83 4112 169 4160 altera
184 4107 290 4160 Servilii
304 4116 400 4160 tectim
412 4109 545 4160 illaetabile
559 4110 663 4175 pandit;

83 4193 159 4244 illam
175 4192 214 4242 vis
226 4190 316 4252 animi.
328 4199 355 4242 et
369 4207 444 4244 sacro
456 4193 595 4244 concordis
606 4209 697 4257 gressu

82 4275 210 4342 trajiciet,
226 4291 303 4340 quam
318 4283 345 4326 tu
358 4276 461 4342 populis
474 4285 620 4327 monstrare
634 4287 764 4328 memento
779 4293 787 4330 ι

82 4361 152 4411 hauc
168 4359 202 4408 lis
217 4359 381 4425 diruperit,
397 4359 516 4425 tristique
530 4359 634 4424 ignavia
647 4361 728 4412 vultu.

694 4461 738 4498 sn.
751 4461 841 4498 mosa.

373 4536 413 4585 25.
432 4550 554 4586 asnensis.

247 4634 497 4686 Lacednmoniornsm
508 4636 620 4702 sepibus,
632 4641 680 4688 etc.

79 4746 109 4797 Si
125 4753 230 4810 partem
242 4745 269 4794 in
281 4751 394 4808 quaestus
407 4747 439 4794 ab
453 4752 562 4809 utroque
574 4753 680 4794 vocetur
694 4745 788 4809 Apollo

79 4828 230 4887 dimidiam,
244 4829 322 4892 longe
334 4843 391 4877 sors
403 4827 488 4878 laetior
499 4827 559 4878 inde
574 4837 704 4894 sequetur.

695 4927 737 4962 ra.
751 4926 840 4962 νιοιιιι.

370 5003 410 5050 27.
429 5016 552 5053 consuens.

112 5111 214 5163 Nescia
225 5109 274 5160 riri
286 5110 373 5176 puella
385 5109 469 5174 geniis
480 5109 571 5161 inseris

112 5194 269 5260 AEpytidum
285 5196 317 5244 ab
330 5193 382 5245 alto
395 5201 465 5246 sorte
478 5195 555 5246 ducta
566 5193 693 5258 sanguine

1596 435 1652 495 l69

897 569 960 626 Haec
969 568 1077 643 quidem
1085 569 1218 626 libertatis
1228 568 1261 623 ad
1270 569 1530 640 pretiosumdomum
1540 573 1650 642 ducens,

896 655 941 713 illa
957 674 1021 712 vero
1036 656 1071 712 ad
1092 655 1231 712 servitutis
1251 656 1359 711 domum
1376 657 1532 730 fugiendam
1557 677 1653 714 unum-

1105 742 1363 816 [diem-durnntibus
1378 745 1408 816 (ι’.
1424 761 1447 800 e.
1464 743 1652 816 hominibusi:

896 835 924 886 ot
933 829 1004 886 illam
1015 829 1124 904 quidem
1132 848 1192 885 cum
1200 828 1358 886 fortitudine
1371 847 1501 904 moraque
1511 831 1654 886 concordia

896 915 959 973 licet
972 915 1090 991 ingredi,
1106 934 1186 990 quam
1201 916 1312 990 populis
1326 917 1421 990 praeite
1435 917 1572 985 semitam

896 1009 968 1065 hauc
976 1025 1040 1066 vero
1051 1026 1100 1084 per
1109 1008 1231 1066 odiosam
1241 1007 1327 1064 rixam
1337 1015 1365 1065 et
1373 1007 1498 1082 ignavum
1510 1027 1655 1066 aerumnam

896 1094 990 1153 ineunt
1002 1113 1009 1152 τ
1023 1097 1093 1154 hanc
1107 1103 1136 1153 tu
1149 1096 1332 1170 maximopere
1346 1105 1448 1152 caveto.

1172 1250 1215 1301 25.
1237 1255 1379 1298 musonio.

926 1351 1182 1403 Lacedaemoniorum
1194 1351 1299 1416 regibus
1314 1351 1435 1401 Charilao
1451 1359 1476 1400 et
1489 1351 1627 1400 Archelao.

897 1477 926 1536 si
938 1476 1077 1551 acquisitas
1096 1475 1178 1533 sortia
1191 1482 1296 1550 partem
1311 1473 1428 1548 Apollini

897 1563 1035 1620 dimidiam
1048 1561 1203 1632 tribuerint,
1215 1562 1299 1618 multo
1313 1561 1409 1618 melius
1422 1561 1474 1618 erit
1487 1560 1566 1635 ipsis.

1172 1712 1215 1766 26.
1236 1718 1381 1762 EJUSDEM.

962 1818 1099 1869 Alcameni
1111 1827 1136 1868 et
1148 1819 1316 1881 Theopompo
1332 1813 1588 1865 Lacedaemoniorum

1214 1891 1329 1956 regibus.

898 2019 1018 2076 Avaritia
1032 2019 1158 2092 Spartam
1173 2023 1287 2085 evertel,
1300 2015 1372 2072 aliud
1386 2031 1450 2071 vero
1465 2014 1542 2070 nihil.

1172 2168 1215 2219 27.
1236 2171 1379 2216 FJUSDEM.

934 2295 1055 2352 Puellam
1068 2294 1256 2350 intemeratam
1270 2291 1364 2348 inieris
1377 2291 1430 2346 diis

934 2391 1007 2440 aorts
1024 2383 1144 2449 ductam,
1163 2379 1321 2454 AEpytidum
1340 2379 1472 2452 sanguine
1485 2377 1636 2446 oriundum,

933 2468 1203 2527 mactatenocturnis
1217 2467 1346 2524 caedibus.
1584 2466 1654 2536 [tum

933 2561 1048 2634 Oportet
1061 2564 1162 2624 sutem,
1175 2554 1199 2612 si
1218 2553 1329 2627 fugerit,
1345 2553 1388 2608 rel
1402 2569 1436 2608 ex
1452 2552 1505 2608 elio
1521 2555 1655 2622 sanquine

932 2654 1050 2704 mactare
1065 2645 1145 2701 aliam
1158 2644 1255 2699 dantes
1269 2641 1304 2697 ad
1317 2641 1417 2697 cedem
1431 2639 1556 2697 libenter.

1172 2793 1216 2846 28.
1236 2797 1381 2841 musulani.

1206 2895 1352 2947 Messeniis.

901 3029 1038 3103 Virginem
1052 3025 1182 3100 AEpytide
1196 3041 1255 3079 sors
1269 3027 1357 3089 vocat,
1374 3037 1453 3094 quam
1467 3020 1574 3076 deosne

899 3117 956 3172 Diis
973 3113 1076 3180 inieris,
1093 3121 1174 3186 atque
1187 3111 1271 3185 [inde]
1285 3109 1407 3166 servabis
1422 3111 1554 3165 ltbomen.

1170 3263 1215 3318 29.
1235 3267 1378 3311 musonis.

1203 3365 1350 3415 Messeniis.

898 3493 951 3553 Ubi
964 3491 1057 3548 hircus
1069 3491 1145 3546 bibet
1155 3491 1294 3564 Nedmper
1303 3489 1529 3562 gyros-liuentem
1545 3504 1652 3560 nquam,

898 3599 953 3639 non
971 3579 1088 3653 amplius
1107 3581 1250 3634 Messenen
1265 3576 1380 3632 servabo
1396 3593 1402 3630 :
1419 3594 1504 3649 prope
1519 3577 1590 3631 enirn
1604 3578 1655 3630 erit

1518 3662 1652 3737 [exitium.

931 4028 975 4078 det
986 4027 1054 4077 colla
1065 4023 1199 4075 nocturnis
1211 4022 1325 4074 secanda
1338 4021 1462 4073 caedibus.

931 4110 959 4161 Si
971 4125 1032 4174 spes
1046 4109 1145 4168 fefellit,
1158 4122 1204 4158 scs
1215 4108 1249 4157 ab
1263 4107 1315 4156 alio
1327 4106 1420 4156 sumite

930 4192 1041 4244 libenter
1052 4192 1177 4242 oisereute
1188 4189 1315 4254 virginem
1327 4189 1393 4239 neci.

1385 4287 1449 4322 noar.
1468 4286 1545 4320 auis.
1556 4287 1653 4320 cusanc.

1184 4377 1225 4425 28.
1245 4388 1367 4426 asusnmr.

1202 4475 1341 4525 Messeniis.

895 4577 1017 4629 Manibus
1028 4575 1178 4642 AEpytidam
1194 4581 1303 4640 poscunt
1314 4572 1391 4638 nigra
1402 4572 1454 4622 iata
1468 4571 1591 4637 puellam,

895 4677 973 4727 quam
987 4669 1014 4710 tu
1028 4659 1051 4710 si
1063 4659 1175 4720 dederis,
1189 4673 1278 4708 caram
1291 4654 1407 4707 servabis
1419 4656 1546 4705 Ithomen.

1504 4754 1547 4788 sn.
1562 4753 1650 4786 vicen.

1119 4869 1124 4880 ι
1183 4808 1223 4857 22.
1243 4821 1365 4857 mnsnau.

1201 4907 1341 4957 Messeniis.

895 5028 962 5092 lpse,
975 5026 1061 5077 Nedes
1073 5027 1134 5075 dnm
1146 5024 1234 5074 bircus
1246 5025 1318 5073 bibat
1329 5024 1381 5073 alta
1395 5023 1499 5082 fluenta,
1510 5037 1558 5070 nec
1569 5022 1640 5070 ultnn

895 5111 1032 5161 Messenen
1048 5123 1131 5159 servo.
1144 5108 1230 5172 Prope
1242 5107 1310 5156 enim
1323 5106 1421 5155 instant
1432 5105 1518 5154 tristia
1533 5103 1594 5152 sata.

1491 5203 1556 5238 nou.
1573 5200 1652 5236 aurs.
