3842 6014
225 459 230 468 ¹
259 387 314 445 rar

296 505 403 600 θοῦρος
417 525 467 580 έύν
481 527 628 604 προπάτωρ
642 527 781 604 ἡμετέρης
790 530 899 600 γενεῆς·

257 609 284 663 έν
298 616 401 689 νομικῇ
416 614 573 692 προύχοντα
585 611 779 692 Κλεύμύροτον
792 616 900 693 ἥρπασε
915 616 1014 693 Μοῖρα,

294 703 389 778 πρῶτα
406 707 604 780 συνεσπώμενον
621 702 727 779 βήματι
740 700 884 761 Βιθυνικ”.

228 784 240 832 ⁵
256 786 337 845 ύστεα
349 787 374 844 δ’
390 792 426 854 τίς
438 795 546 870 πάτρην
560 793 574 847 ύ
589 794 681 870 πάι-ηρ
696 792 841 848 ώπάσσατο
851 723 971 868 θοῦρος,

294 879 341 932 καί
354 878 503 951 κατέθηκεν
520 877 608 960 θύρας]
624 879 687 936 ἔνθα
701 876 761 958 [περ
774 877 810 959 ol]
826 883 968 958 πρόγονοι.

255 967 339 1043 Ηρῴῳ
354 963 379 1021 δ’
395 969 433 1022 en
446 966 515 1044 τῷδε
529 973 576 1024 καί
589 967 672 1025 άλλοι
685 967 810 1046 φίλτατοι
824 973 935 1042 κεῖνται,

293 1056 406 1131 Τιμηεις
420 1057 532 1134 Χρύνιος
547 1059 603 1122 υίός
616 1077 644 1112 τε
659 1056 854 1136 Πολυχρύνιος.

547 1200 615 1258 565.
629 1207 725 1256 tunc.

227 1341 229 1348 ·
254 1319 346 1388 Πάντη
365 1319 413 1393 μέν
429 1315 511 1382 κῦδος
525 1317 679 1396 Τερτύλλου
710 1358 1014 1378 ..........

293 1407 323 1461 ίκ
336 1425 365 1460 τε
380 1409 470 1484 σορῶν
486 1407 571 1484 ἔργων
586 1408 616 1463 br
628 1405 652 1462 τ’
668 1405 778 1484 ἀγαθῶν
791 1411 930 1485 πατέρων·

227 1519 230 1528 ·
252 1493 299 1549 νύν
311 1491 335 1549 δ’
347 1495 386 1550 έτι
398 1514 452 1550 που
468 1498 516 1551 καί
532 1493 649 1572 μᾶλλον,
666 1495 818 1574 ἀρηϊφίλων
835 1495 879 1550 ύτε
894 1496 989 1572 ρωτών

291 1587 393 1654 τόσσην
408 1585 435 1638 ἑν
450 1581 570 1649 σταδίοις
584 1586 720 1662 ἐστόρεσεν
736 1585 875 1661 στρατιὴν,

225 1677 239 1726 t
254 1673 368 1750 ἀρκτους
381 1669 533 1750 πορδάλιάς
543 1693 572 1728 τε
586 1676 747 1728 κατέκτανεν
760 1669 813 1746 ἠδέ
826 1670 950 1738 λέοντας,

293 1761 366 1837 σρῶν
380 1763 499 1815 κτεάνων
514 1763 621 1838 πάτρην
635 1757 819 1839 πρεσδυτέρην
834 1758 960 1836 θέμενος·

234 1871 237 1878 ’
252 1851 288 1925 τῷ
306 1848 375 1924 μετά
387 1845 493 1904 κλεινύν
507 1832 581 1927 Ᾰρην
600 1850 743 1925 ἐναγώνιος
757 1849 811 1904 ἐστι
825 1851 873 1904 καί
882 1834 978 1926 Ερμῆς

290 1939 368 2008 νίκην
386 1940 528 2014 πορσύνων
542 1934 671 2015 ἀνδράσιν
686 1936 861 2016 ἀεθλοφόροις.

251 2024 373 2081 Τούνεκα
386 2029 433 2082 καὶ
448 2024 580 2102 βασιλῆες
594 2023 760 2083 ἐπιστέλλειν
775 2027 935 2082 ἐπένευσαν·

224 2111 238 2160 ⁸
292 2115 321 2169 αἱ
335 2111 360 2170 δ’
376 2116 470 2194 ἀρεταί
483 2118 582 2172 τούτου
597 2117 645 2171 καί
655 2118 797 2194 προγόνων
811 2113 934 2178 πλέονις.

227 2215 231 2226 “
252 2203 337 2278 Σῆμα
351 2199 392 2276 δέ,
409 2206 450 2258 κεί
464 2206 546 2282 τέχνη
565 2205 685 2282 Φρύγιον
698 2201 776 2260 λίθον
792 2203 861 2281 έργῳ
881 2199 1015 2281 έλέ[γχει,

229 2309 232 2315 ·
292 2289 434 2366 ψεύδεται·
453 2293 484 2347 έκ
496 2294 579 2368 γαίης
591 2289 675 2362 τῆσδε
688 2295 791 2370 πέρυκι
807 2289 902 2370 [λίθος.

542 2601 610 2660 566.
627 2609 726 2658 tnnc.

253 2725 292 2782 Ού
307 2727 337 2781 τά
353 2723 442 2782 θανεῖν
458 2723 595 2802 άλγεινδν,
615 2725 674 2780 ἐπεὶ
686 2721 749 2782 τάδε
764 2728 831 2781 ποῖοι
844 2727 994 2804 πέπρωται,

292 2814 367 2871 άλλά
380 2817 442 2893 πρὶν
455 2813 569 2886 ἡλικίης
582 2816 630 2870 καὶ
643 2817 744 2890 γονέων
759 2817 901 2892 πρότερον.

252 2903 291 2962 Οὐ
305 2907 408 2981 γάμον,
427 2905 478 2960 ούκ
490 2904 620 2980 ὑμέναιον
635 2900 711 2969 ίδών,
735 2903 767 2958 ού
781 2906 888 2980 νύμρια
901 2901 1012 2981 λέκτρα,

290 2993 395 3067 κεῖμαι,
413 2992 480 3068 ἐρῶν
492 2986 615 3056 πολλῶν,
631 2989 761 3066 έράμενος
773 2987 908 3048 πλεύνων.

541 3223 610 3282 567.
626 3227 723 3278 tanc.

251 3343 366 3422 Ούνομά
386 3365 434 3422 μοι
449 3344 602 3412 Μενέλαος·
620 3347 688 3424 ἀτὰρ
703 3343 789 3423 δέμας
803 3341 898 3400 ἐνθάδε
917 3348 1014 3411 κεῖται,

290 3432 368 3512 ψυχὴ
386 3431 411 3489 δ’
425 3431 567 3490 ἀθανάτων
580 3432 675 3511 αἰθέρα
688 3436 818 3492 ναιετάει.

542 3579 611 3638 568.
627 3586 725 3636 tuac.

253 3745 368 3763 .....
383 3700 519 3782 γ]ενόμην
535 3701 700 3783 Μ[αρεωτίδι
711 3707 792 3782 γαίη,

289 3787 395 3872 κεῖμ]αι
409 3789 434 3848 δ’
448 3791 561 3870 ἠγαθέῳ
576 3789 727 3872 ίέέ[κροπος
742 3789 780 3872 ί]ν
795 3789 917 3870 δαπέδῳ.

542 3935 611 3995 569.
628 3943 724 3994 runo.

253 4089 281 4127 α.
292 4068 397 4147 Πατρδς
408 4065 449 4124 έπ’
456 4066 589 4149 εύσε[6ίη]
598 4089 632 4147 με
638 4072 714 4137 κενδς
722 4069 1014 4152 τάροςῶδεκατέοχεν,

290 4153 365 4235 ἀλ]λ’
381 4158 432 4212 οὐκ
447 4158 474 4212 έν
487 4161 556 4236 γαίη
571 4156 639 4236 τῇδε
654 4157 742 4216 θανών
756 4161 875 4236 ίτάρην·

251 4245 393 4322 Σμυρναία
408 4242 438 4300 δέ
450 4249 523 4310 κύνες
538 4245 567 4324 μ’
583 4246 754 4324 έκαλύψατο,
768 4247 911 4326 γηραλέης
926 4247 955 4305 δέ

234 4369 238 4379 ·
291 4331 401 4398 ἐλπίδος
416 4336 467 4390 οὐκ
480 4332 568 4404 ἦλθον
582 4336 650 4414 πρὸς
660 4335 758 4392 πολιὸν
771 4335 932 4415 πλόκαμον·

219 4431 233 4480 5
248 4419 335 4478 παῖδα
356 4419 381 4477 δ’
395 4405 530 4494 λκινητου
548 4443 581 4501 με
596 4426 754 4502 συνώνυμον
768 4425 876 4503 ἥρπασε
895 4429 996 4506 πατρδς

288 4511 389 4590 Μοῖρα,
404 4513 489 4568 κακδν
505 4515 608 4590 γονέων
621 4515 780 4592 χηροσύνης
793 4511 923 4593 δάκρυον.

249 4651 273 4712 β.
414 4647 548 4714 Νεωτέρου
569 4645 694 4706 ’.ἀνικήτου
708 4644 842 4710 έπετάφιον.

275 4759 368 4825 Ὅστις
380 4761 476 4839 νεειράν
490 4757 625 4838 πρόσοψιν
641 4759 766 4836 ἀρανίσεε
778 4761 873 4816 τέκνου

288 4847 374 4913 ούτως
389 4851 489 4927 ἀώροις
501 4850 673 4926 περεπέσοετο
688 4852 851 4928 συμφοραῖς.

543 4990 611 5049 576.
627 4997 724 5048 inno.

246 5136 275 5176 α.
319 5097 356 5179 b<
370 5111 395 5170 δ’
408 5114 440 5169 ἀν
455 5117 594 5192 προσοίσει
606 5119 687 5193 χεῖρα
698 5115 748 5186 την
762 5113 945 5195 βαρύρθονον,
1035 5185 1039 5203 Ι

326 5199 412 5269 οὕτως
426 5205 525 5282 ἀώροις
536 5207 707 5282 περιπέσοιτο
723 5212 885 5286 συμφοραῖς.

707 393 965 455 ANTHOLOGIAE
986 393 1136 456 GRAEGAE
1157 395 1387 456 APPENDIGIS

1107 551 1167 590 cum
1182 538 1253 604 crat,
1268 533 1358 591 Huius
1372 551 1440 592 arus
1453 539 1554 592 nostra
1568 533 1683 608 stirpis:

1071 621 1100 678 in
1113 621 1222 696 legibus
1237 627 1413 696 praestantem
1427 621 1628 681 Cleombrotum
1641 611 1734 696 rapuit
1748 623 1838 677 Parce

1107 709 1195 782 prima
1205 716 1403 785 consequutum
1417 708 1445 766 in
1459 709 1519 767 foro
1533 709 1679 784 Bithynico
1700 725 1707 766 ε
1900 705 1901 718 ’

1072 814 1136 854 ossa
1149 803 1240 855 autem
1252 797 1280 854 in
1294 797 1412 872 patriam
1426 803 1506 872 pater
1516 797 1608 856 attulit
1621 798 1722 867 Rufus,

1107 893 1135 943 et
1147 886 1276 960 deposuit
1288 886 1396 944 sublata
1408 885 1456 942 ubi
1470 891 1535 944 ευεεέ
1549 885 1654 960 proavi.
1901 949 1902 952 ¹

1072 975 1103 1031 ln
1115 975 1199 1032 borco
1214 976 1298 1032 bocco
1312 982 1340 1032 et
1353 974 1399 1032 alii
1413 974 1568 1032 amicissimi
1579 975 1682 1050 jacent,
1901 967 1902 976 ¹

1106 1061 1209 1120 Timeis
1219 1062 1353 1120 Chronius
1367 1062 1494 1138 filiusque
1508 1062 1718 1138 Polychronius.

1363 1209 1424 1264 565.
1444 1215 1544 1260 aarum

1071 1335 1179 1409 Ubique
1193 1334 1302 1410 quidem
1316 1340 1355 1392 est
1368 1334 1481 1392 Tertulli
1493 1334 1580 1408 gloria
1601 1375 1727 1391 .....

1107 1441 1142 1480 ex
1155 1423 1294 1498 sapienter
1307 1422 1388 1480 lactis
1402 1429 1485 1496 atque
1496 1422 1577 1479 bonis
1591 1419 1752 1496 parentibus
1768 1437 1775 1476 :

1070 1530 1142 1570 nunc
1157 1511 1247 1570 adhuc
1260 1517 1289 1568 et
1303 1509 1393 1584 magis
1408 1527 1470 1567 cum
1489 1509 1750 1568 Martis-amicorum
1762 1509 1841 1566 viro-

1104 1605 1210 1658 tantum
1224 1599 1252 1657 in
1264 1597 1362 1656 stadiis
1376 1597 1474 1656 stravit
1487 1597 1648 1664 exercitum,
1755 1599 1841 1671 [τοοκ

1051 1727 1058 1737 .
1070 1705 1160 1756 ursos,
1176 1687 1355 1762 pardalesque
1367 1686 1467 1744 occidit
1481 1693 1563 1760 atque
1575 1685 1678 1756 leones,

1106 1775 1164 1833 suis
1179 1774 1258 1832 bonis
1272 1775 1346 1849 quod
1361 1775 1479 1849 patriam
1493 1773 1677 1848 antiquiorem
1691 1773 1797 1830 laceret
1812 1793 1821 1830 ι

1071 1863 1115 1921 cui
1138 1872 1203 1939 post
1224 1864 1347 1921 inclitum
1365 1865 1482 1922 Martem
1504 1861 1842 1920 certaminum-studiosus
1905 1864 1906 1948 γ

1539 1951 1631 2024 [adest
1644 1957 1673 2008 et
1687 1949 1842 2006 Mercurius
1905 1959 1906 1976 ¹

1106 2039 1246 2098 victoriam
1261 2041 1388 2114 praebens
1402 2040 1469 2096 viris
1483 2037 1774 2114 premia-ferentibus.

1071 2128 1191 2203 Propter
1209 2129 1284 2203 quod
1305 2135 1333 2186 et
1355 2146 1436 2202 reges
1454 2127 1654 2202 (imperatores)
1677 2125 1841 2200 epistolant·
1906 2146 1907 2220 γ

1408 2213 1840 2290 [duemmmdignuisunu
1906 2237 1907 2242 ¹

1107 2305 1156 2362 sed
1163 2304 1251 2379 ipsius
1262 2304 1354 2380 plures
1364 2303 1407 2360 vel
1419 2320 1502 2377 quam
1513 2319 1626 2360 avorum
1636 2309 1701 2360 sunt
1709 2301 1840 2360 virtutes.

1072 2394 1340 2467 Monumentumque‚
1350 2393 1401 2451 etsi
1413 2409 1458 2449 ars
1466 2391 1618 2466 Phrygium
1626 2390 1745 2465 lapidem
1754 2407 1842 2464 opere
1907 2428 1908 2470 γ

1106 2481 1237 2538 mentitur
1250 2499 1257 2537 :
1271 2487 1372 2538 eterra
1383 2481 1468 2536 bacce
1479 2487 1561 2536 natus
1572 2485 1616 2536 est
1626 2479 1707 2553 lapis.
1722 2479 1840 2552 [arguit
1907 2473 1908 2476 ’

1364 2613 1426 2669 566.
1440 2621 1540 2665 tutuo.

1071 2737 1132 2794 Non
1146 2736 1215 2793 mori
1228 2736 1373 2794 molestum
1389 2744 1442 2808 est,
1458 2736 1560 2811 quippo
1580 2754 1641 2793 oum
1660 2735 1689 2793 id
1710 2737 1840 2794 omnibus
1908 2723 1909 2728 ἵ

1358 2819 1361 2826 ’
1501 2827 1586 2898 [sorte
1598 2823 1775 2882 distributum
1791 2827 1838 2894 sit,

1106 2911 1155 2969 sed
1168 2916 1241 2972 mori
1255 2919 1319 2970 ante
1332 2915 1438 2985 jarstcm
1454 2919 1562 2970 atatem
1575 2919 1604 2970 et
1617 2917 1681 2970 ante
1696 2920 1837 2987 parentes.

1070 3001 1132 3058 Non
1141 3001 1262 3075 nuptias,
1271 3019 1326 3058 non
1334 3001 1503 3076 hymenaeum
1513 3000 1559 3075 qui
1570 3001 1636 3068 vidi,
1648 3018 1703 3058 non
1714 3001 1839 3076 geniales

1103 3090 1192 3163 jaceo,
1206 3107 1301 3147 amans
1311 3089 1421 3160 multos,
1433 3096 1540 3146 amatus
1555 3106 1572 3146 a
1587 3089 1722 3164 pluribus.
1738 3091 1837 3164 [tonos.

1367 3235 1428 3288 567.
1442 3239 1540 3284 iarun.

1072 3356 1177 3413 Nomen
1189 3355 1256 3412 mibi
1269 3355 1428 3412 Menelaus:
1444 3353 1520 3428 atqui
1539 3371 1639 3427 corpus
1654 3354 1699 3410 hic
1710 3353 1797 3428 jacet,

1107 3446 1156 3504 sed
1170 3444 1277 3502 animus
1291 3442 1480 3500 immortalium
1495 3441 1599 3498 athera
1614 3441 1730 3499 habitat.

1366 3551 1427 3642 566.
1447 3593 1548 3637 iarun.

1073 3753 1177 3768 .....
1193 3711 1282 3768 Natus
1294 3727 1353 3766 sum
1366 3707 1395 3764 in
1408 3707 1559 3764 Mareotica
1573 3713 1656 3774 terra,

1105 3800 1184 3874 jaceo
1199 3804 1291 3855 autem
1305 3796 1333 3853 in
1345 3794 1531 3852 valde-divino
1543 3793 1672 3868 Cecropis
1688 3794 1756 3852 solo.

1370 3941 1432 3996 566.
1453 3946 1553 3990 iarun.
1718 3979 1839 4054 [bubum

1071 4095 1098 4134 a.
1118 4075 1211 4133 Patris
1231 4092 1280 4150 per
1300 4074 1431 4147 pietatem
1453 4089 1497 4127 me
1518 4071 1599 4127 inane
1623 4069 1779 4144 sepulcrum
1795 4069 1841 4125 btc

1107 4163 1153 4220 scd
1169 4180 1224 4220 non
1239 4163 1267 4218 in
1281 4161 1364 4218 hacce
1378 4166 1453 4217 terra
1466 4165 1589 4216 mortuus
1608 4157 1732 4232 sepultus
1751 4175 1817 4214 sum
1832 4175 1839 4213 :

1070 4253 1228 4328 Smyrnrsus
1241 4257 1333 4309 autem
1346 4248 1435 4324 pulvis
1451 4265 1494 4304 me
1508 4246 1640 4316 contexit,
1656 4246 1808 4322 senilisque

1105 4341 1165 4417 spei
1176 4358 1230 4398 non
1242 4338 1304 4396 veni
1315 4338 1351 4395 ad
1364 4355 1448 4396 canos
1461 4336 1560 4394 crines.

1069 4429 1166 4486 Filium
1176 4435 1267 4486 autem
1276 4425 1384 4484 Aniceti
1391 4443 1434 4482 me
1446 4423 1635 4499 cognominem
1645 4422 1737 4498 rapuit
1745 4425 1840 4498 patris

1105 4519 1203 4586 Parca,
1218 4515 1319 4572 malum
1332 4520 1477 4590 parentum
1491 4512 1618 4572 orbitatis
1632 4511 1819 4569 lacrimosum.

1069 4649 1094 4700 b.
1237 4645 1355 4698 Junioris
1369 4643 1473 4696 Aniceti
1487 4644 1658 4710 epitaphium.

1103 4767 1263 4842 Quicunque
1278 4771 1412 4823 mortuam
1427 4764 1547 4839 speciem
1564 4763 1622 4820 nati
1637 4762 1778 4829 abolebit,

1103 4857 1143 4915 sic
1157 4857 1186 4913 in
1200 4855 1343 4913 indecoras
1358 4852 1461 4910 incidat
1472 4851 1652 4910 calamitates.

1360 5001 1422 5054 570.
1442 5006 1542 5050 Αοευο.

1066 5143 1093 5183 α.
1115 5123 1275 5197 Quicunque
1289 5121 1388 5178 inferet
1405 5123 1468 5178 ἀεείο
1480 5122 1601 5193 sepulcro
1616 5135 1726 5176 manum
1739 5119 1835 5193 gravi—

1035 5211 1040 5300 γ
1067 5215 1106 5272 sic
1119 5213 1255 5272 deformes
1267 5209 1370 5268 incidat
1381 5211 1408 5267 in
1423 5209 1600 5268 calamitates.
1629 5207 1833 5281 [ter-invidam,
