3866 6016
251 415 308 476 392
700 415 956 474 ANTHOLOGIAE
976 413 1126 474 GHAECAE
1146 415 1371 476 APPENDIGIS

251 545 315 602 ἀλλ’
331 547 402 610 deri<
417 549 544 603 Μουσέων
559 567 587 602 τε
602 547 648 602 καὶ
666 545 758 623 ἀγλαὰ
773 543 836 622 δῶρ’
855 529 1006 623 Ᾰφροδίτης

291 636 461 711 συμμίσγων,
477 637 574 711 ἐρατῆς
590 637 737 710 μνήοκεται
752 636 927 710 εὐφροσύνης.

488 785 535 842 10.
555 781 771 841 ututuuron'.
858 819 862 834 .

343 897 414 990 Ᾰμες
427 915 487 970 ποτ’
501 911 573 989 ἦμες
587 913 701 991 ἄλκιμοι
714 916 828 968 νεανίαι·

290 1032 328 1044 -
342 985 414 1088 {pcc
429 998 458 1056 ut
471 999 497 1077 γ’
513 1003 605 1077 ἐσμέν·
622 1004 651 1056 αἱ
665 1000 695 1056 et
709 999 771 1078 λῇς,
789 997 936 1076 αὐγάσδεο.

291 1121 329 1130 -
343 1091 415 1164 Αμες
430 1086 459 1144 δέ
472 1091 499 1165 γ’
516 1087 668 1166 ἐσσόμεσθα
681 1087 777 1165 πολλῷ
792 1091 930 1166 κάρρονες.

552 1240 600 1296 ll.
615 1247 711 1296 ΑΛΛΟ.

250 1369 304 1424 Νῦν
319 1369 516 1448 ἄμμες,ιτρόοθ’
529 1370 611 1427 ἄλλοι
621 1370 762 1435 ἐθάλλεον,
774 1371 871 1426 αὐτίκα
881 1367 905 1424 δ’
919 1367 1010 1429 ἄλλοι,

289 1453 325 1511 ὧν
341 1459 432 1534 ἄμμες
444 1461 539 1533 γενεὰν
554 1459 641 1514 οὐκέτ’
657 1456 854 1534 ἐποψόμεθα...

251 1543 285 1600 Οἳ
296 1543 423 1614 θάνον,οὐ
431 1547 462 1600 τό
473 1541 524 1616 ζῆν
535 1545 643 1622 θέμενοι
651 1546 747 1611 καλόν,
759 1543 824 1602 οὐδὲ
835 1545 866 1601 τό
877 1544 1010 1615 θνήσκειν,

291 1630 364 1688 ἀλλὰ
378 1634 408 1688 τό
422 1637 509 1688 ταῦτα
522 1633 614 1698 καλῶς
629 1633 761 1711 ἀμφότερ’
775 1631 923 1688 ἐκτελέσαι.

474 1780 522 1837 tu.
540 1777 785 1836 ΣΟΦΟΚΛΕΟΥΣ.

355 1914 443 1987 κούρα
456 1915 610 1988 περιώνυμι
627 1915 710 1988 μᾶτερ
725 1905 923 1989 ἀλεξιπό[νου..

292 2017 341 2061 ...ς
355 1995 565 2076 ἀκειρεκόμα[ς;
584 1995 632 2078 ...]
646 1996 774 2076 ναριθμι;

356 2105 443 2144 ....ε..
461 2087 526 2142 eden
529 2127 589 2146 .....

528 2235 575 2294 13.
591 2235 737 2295 ΕΥΗΝΟΥ.

290 2361 428 2428 Πολλάκις
442 2361 588 2442 ἀνθρώπων
603 2367 671 2443 ὀργὴ
686 2369 749 2421 νόον
764 2362 915 2442 ἰξεκάλυψε

329 2453 526 2527 κρυπτόμενον,
545 2455 643 2528 μανίας
654 2452 744 2509 πουλὺ
757 2458 937 2532 χερειότερον.

509 2601 556 2658 ld.
572 2609 634 2657 ΤΟΥ
650 2609 761 2658 ΑΥΙὉΥ.

254 2725 370 2791 Πολλοῖς
389 2726 535 2804 ἀντιλέγειν
559 2732 607 2806 μὲν
627 2729 686 2795 ἔθος
703 2733 764 2808 περὶ
781 2731 880 2794 παντὸς
898 2731 1009 2807 ὁμοίως·

292 2813 378 2893 ὀρθῶς
391 2813 416 2871 δ’
431 2816 579 2893 όντιλόγειν
594 2819 685 2873 οὐκίτι
697 2819 770 2874 τοῦτ’
786 2820 812 2874 ἐν
828 2817 892 2877 ἔθει.

252 2903 306 2958 Καὶ
318 2904 385 2980 πρὸς
401 2905 448 2980 μὲν
461 2909 574 2970 τούτους
588 2907 664 2983 ἀρκεῖ
676 2903 758 2981 λόγος
772 2903 808 2970 εἷς
822 2907 836 2961 ό
851 2903 977 2969 παλαιός·

290 3021 330 3034 -
351 2991 400 3047 Σοὶ
416 2993 463 3067 μὶν
478 2996 564 3048 ταῦτα
578 2990 701 3049 δοκοῦντ’
717 2995 794 3060 ἔστω,
813 2995 876 3070 ἰμοὶ
891 2990 920 3048 et
934 2991 1009 3050 τάδε.

223 3101 237 3148 5
251 3079 320 3142 Τοὺς
338 3073 461 3145 ξυνετοὺς
480 3078 504 3136 δ’
525 3081 557 3136 ἄν
575 3101 614 3145 τις
627 3084 725 3136 πεὶοειε
738 3085 855 3158 τάχιοτα
867 3079 954 3158 λόγων
969 3078 1008 3156 εὗ,

291 3164 367 3243 οἵπερ
381 3169 428 3222 καὶ
442 3167 544 3244 ῥᾴστης
559 3169 609 3222 εἰσὶ
624 3165 813 3239 διθασκαλίης.

509 3407 556 3465 15.
573 3415 635 3464 ml
647 3415 756 3464 mor.

254 3535 322 3612 Πρός
336 3536 417 3611 σοφίᾳ
429 3535 477 3610 μιν
492 3534 563 3610 ἶχειν
577 3532 683 3610 τόλμαν
700 3533 777 3610 μάλα
791 3537 931 3614 σύμφορόν
946 3536 1010 3600 ἐστι,

290 3625 373 3700 χωρὶς
387 3619 427 3694 δὲ,
446 3619 569 3699 βλαόιρή
585 3624 632 3677 καὶ
645 3627 785 3692 κακότητα
800 3625 884 3701 φόρει.

465 3774 512 3832 ιο.
530 3771 734 3830 territori:
750 3770 800 3852 (r).

252 3905 374 3968 Alcesti<
387 3904 447 3960 ποτ’
463 3898 538 3969 ἔλεξε
552 3901 693 3982 Κορίνθιον
708 3904 774 3960 decu
789 3905 913 3982 νίμουοι·

253 4190 298 4240 sed
312 4189 369 4255 quis
384 4189 515 4240 Pieridum
530 4191 664 4253 Cythereae
678 4205 786 4241 munere
800 4191 912 4242 miscens

285 4273 445 4335 muneribus,
459 4274 518 4324 1εειο
533 4281 650 4340 tempore
665 4275 725 4325 lrete
738 4274 818 4324 canit.

888 4370 914 4405 s.
934 4371 1011 4406 οεοτ.

559 4450 598 4496 tl.
617 4461 704 4498 εεευυ.

195 4525 197 4530 ’
255 4538 329 4588 Nune
342 4553 398 4594 uos.
415 4545 475 4588 unte
489 4537 535 4588 elii
549 4538 663 4602 viguere.
678 4537 774 4604 aliique
786 4538 919 4603 vigebunt.

288 4635 397 4686 quorum
409 4636 456 4671 nes
470 4635 553 4671 nerum
564 4637 671 4672 cernere
686 4622 740 4672 lete
754 4629 850 4673 vetant.

254 4703 302 4754 His
314 4719 397 4768 neque
407 4703 512 4768 defungi
526 4704 609 4754 visum
621 4711 670 4762 εει,
683 4719 766 4769 neque
778 4703 863 4755 rivere
876 4705 992 4770 pulcrum
1005 4719 1010 4752 :

285 4801 349 4838 cure
362 4785 411 4837 suit
422 4793 492 4837 recte
505 4785 600 4846 vivere,
616 4787 705 4852 sicque
719 4788 794 4838 mori.

871 4883 944 4920 rtur.
958 4883 1011 4918 nin.

562 4963 600 5012 ll.
619 4977 705 5012 everti.

254 5053 296 5104 Ire
310 5059 336 5103 ει
350 5069 407 5118 quae
422 5053 523 5118 penitus
535 5054 621 5104 cordis
634 5055 681 5103 sub
694 5053 755 5104 sede
768 5053 895 5112 latebunt,

286 5145 443 5186 tormentum
458 5135 561 5202 gravius
577 5151 653 5201 quem
669 5137 748 5196 furor,
766 5137 922 5186 exterebrat.

848 5233 873 5268 n.
890 5231 1011 5268 osorius.

1063 543 1828 620 sedquisquisMusnrumqueetsplcndidednnsveneris

1097 631 1284 699 commiscens,
1300 630 1423 687 emnbilis
1438 649 1540 689 memor
1554 642 1597 690 cst
1611 633 1770 708 voluptatis.

1304 783 1345 838 tu.
1362 782 1580 840 ANONYMUM.

1169 911 1226 967 Nos
1240 911 1303 968 clim
1316 911 1415 970 luimus
1430 914 1543 983 strenui,
1557 915 1684 988 juvenes.

1117 1029 1152 1040 —
1170 1000 1227 1056 Nos
1241 1017 1307 1056 enne
1319 1017 1413 1057 sumus
1428 1021 1436 1058 ε
1452 1001 1475 1058 si
1490 1001 1542 1070 ris,
1556 1003 1678 1076 explere.

1116 1117 1152 1128 -
1169 1089 1226 1144 Nos
1241 1105 1306 1146 sene
1320 1089 1421 1147 erimus
1431 1091 1515 1147 multe
1529 1091 1663 1148 meliores.

1364 1244 1406 1296 Η.
1427 1250 1525 1292 suun.

1066 1369 1145 1424 Nunc
1157 1385 1219 1438 nus,
1234 1376 1316 1427 antee
1330 1371 1375 1427 elii
1390 1371 1533 1440 llorebnnt,
1548 1387 1666 1444 moxque
1681 1370 1737 1438 ulii,

1101 1473 1215 1529 querum
1229 1475 1279 1514 nos
1294 1459 1498 1531 generationem
1507 1461 1624 1534 nonjem
1635 1459 1830 1516 videbimus...
1927 1489 1928 1502 ι

1066 1543 1118 1613 Qui
1131 1545 1230 1602 mortui
1244 1553 1318 1614 sunt,
1327 1547 1380 1602 sibi
1392 1565 1445 1603 ncn
1456 1547 1547 1604 vivere
1560 1549 1681 1606 habuere
1691 1547 1830 1621 pulcrum,
1927 1569 1928 1580 i

1101 1632 1150 1689 sed
1164 1651 1197 1689 ee
1206 1633 1298 1707 pulcre
1313 1635 1392 1691 umbo
1407 1635 1525 1692 efficere.
1633 1637 1731 1709 {neque
1744 1631 1830 1698 mori,

1312 1789 1354 1842 tt.
1371 1786 1578 1844 SOPHOCLIS.

1068 1955 1122 1970 .....
1137 1913 1193 1969 filie
1210 1913 1466 1972 nemine-celebrato
1486 1923 1574 1970 meter
1589 1909 1830 1986 illius-quiescet·

1069 2043 1122 2058 .....
1138 2001 1641 2075 intonsus.....numercudscript.....
1706 1999 1831 2072 [labores

1328 2085 1514 2158 bene-loq.....

1356 2236 1398 2292 te.
1414 2234 1532 2292 EVENI.

1065 2365 1144 2441 Sceps
1159 2367 1296 2422 hominum
1311 2367 1483 2422 trementem
1497 2366 1603 2422 detexit

1101 2459 1243 2527 occultum,
1259 2477 1319 2533 que
1333 2460 1414 2532 longe
1427 2459 1507 2536 pejor
1520 2465 1579 2514 erat
1591 2455 1706 2512 insanie.

1339 2608 1381 2661 Η.
1402 2613 1551 2660 EJUSDEM.
1655 2645 1802 2718 [traiicere

1066 2737 1159 2794 Multis
1173 2735 1282 2810 quidem
1297 2753 1354 2792 mos
1368 2743 1411 2792 εει
1425 2735 1452 2790 in
1470 2735 1596 2791 omnibus
1617 2751 1651 2790 ex
1667 2750 1743 2806 equo
1766 2750 1831 2788 con·

1100 2831 1172 2882 recte
1185 2841 1250 2880 vern
1264 2823 1449 2880 contradicere
1463 2839 1516 2879 non
1532 2823 1589 2896 jnm
1606 2821 1634 2876 in
1649 2839 1722 2877 more
1734 2837 1829 2876 εοεειειι

1764 2909 1828 2980 [εει.

1067 2997 1101 3054 Ει
1116 2996 1247 3053 adversus
1266 2995 1326 3052 illos
1340 2995 1408 3051 setis
1423 3001 1466 3050 est
1485 3011 1574 3050 sermo
1589 3011 1659 3049 unus
1673 2993 1804 3067 antiquus
1822 3014 1828 3050 :

1100 3084 1200 3142 -Tibi
1205 3083 1313 3158 quidem
1319 3083 1377 3138 hrec
1388 3081 1523 3148 videntur,
1533 3089 1592 3137 este
1600 3099 1607 3149 ;
1615 3080 1661 3136 ille
1669 3097 1732 3138 rere
1743 3081 1828 3138 mihi.

1065 3173 1120 3230 Sed
1138 3171 1288 3246 prudentes
1307 3169 1405 3242 uliquis
1425 3168 1604 3242 persuaderet
1626 3167 1765 3224 celerrime
1789 3169 1830 3223 di-

1101 3260 1147 3334 qui
1165 3267 1193 3316 et
1207 3257 1338 3314 facillime
1350 3263 1414 3312 suut
1428 3255 1588 3330 discipline.
1655 3257 1730 3330 [cens
1743 3256 1827 3326 bene,

1344 3409 1384 3460 l5.
1401 3413 1547 3458 EJUSDEM.

1755 3451 1828 3522 [εεις

1066 3541 1132 3598 Cum
1152 3538 1287 3613 sapientie
1304 3537 1414 3611 quidem
1432 3536 1574 3593 eudnciem
1590 3536 1692 3593 hebere
1711 3537 1829 3609 perutile

1101 3625 1205 3698 absque
1219 3625 1270 3680 etta
1283 3640 1358 3692 vern,
1372 3623 1455 3680 noxie
1468 3630 1512 3679 est
1530 3629 1558 3680 et
1574 3623 1702 3678 dnmnum
1716 3623 1808 3679 effert.

1295 3778 1340 3832 lll-
1359 3773 1530 3832 SOCRATIS
1550 3772 1596 3846 m·
1677 3815 1827 3888 [lentibus:

1064 3909 1183 3982 AEsupus
1207 3907 1344 3982 quendem
1366 3905 1436 3963 dixit
1457 3903 1625 3964 Corinthiam
1641 3903 1736 3960 urbem
1752 3903 1830 3959 inee-

1357 4191 1396 4240 tr.
1414 4203 1537 4241 escensu.

1065 4283 1132 4333 Sunt
1144 4281 1237 4347 quibus
1254 4281 1277 4332 is
1293 4297 1349 4332 mos
1366 4289 1415 4340 εει,
1430 4281 1501 4332 nullo
1514 4289 1542 4332 ut
1555 4279 1704 4332 discrimine
1718 4288 1831 4330 centra·

1098 4365 1194 4426 dicere,
1209 4381 1262 4416 non
1276 4363 1355 4416 etiam
1369 4365 1456 4414 dicere
1469 4373 1543 4415 reeta
1555 4364 1644 4414 velint.

1067 4449 1114 4499 His
1128 4465 1177 4514 ego
1191 4435 1337 4500 censuerim
1350 4455 1423 4498 vetus
1435 4448 1484 4498 hoc
1497 4447 1592 4496 debere
1606 4445 1696 4511 reponi
1710 4461 1717 4496 ε

1101 4552 1114 4578 ε
1131 4533 1180 4582 ΙΙΙε
1191 4531 1239 4582 tibi
1252 4531 1382 4596 placeant,
1397 4531 1458 4580 dum
1472 4529 1556 4594 magis
1568 4529 1620 4580 ista
1632 4527 1696 4578 mihi
1714 4547 1739 4580 ν.

1066 4617 1132 4666 Rem
1146 4617 1211 4666 bene
1225 4615 1248 4666 si
1261 4615 1343 4673 dicus,
1358 4615 1498 4680 prudentes
1510 4616 1615 4664 flectere
1629 4611 1719 4679 paucis

1098 4697 1197 4748 esttibi
1212 4714 1218 4747 :
1234 4707 1295 4748 sunt
1307 4695 1404 4748 etenim
1418 4696 1525 4746 ductilis
1538 4695 1645 4761 ingenii.

1657 4794 1684 4828 ιε.
1702 4793 1830 4830 userius.

1355 4849 1395 4896 lt.
1414 4860 1536 4897 escensu·

1065 4929 1168 4980 Audere
1182 4928 1316 4993 egregium
1330 4936 1370 4979 est
1382 4935 1459 4994 utque
1473 4928 1545 4989 utile,
1561 4927 1584 4977 εἰ
1597 4941 1689 4992 sepere
1703 4925 1791 4986 sdeit;

1098 5014 1248 5080 abjunctum
1261 5013 1349 5063 clades
1361 5020 1387 5062 et
1399 5011 1470 5062 mele
1483 5011 1550 5062 terre
1562 5011 1635 5062 solet.
1656 5025 1682 5060 ιε.
1702 5025 1830 5062 onorius.

1327 5123 1366 5171 tc.
1386 5135 1511 5172 εοειιετιε
1524 5121 1564 5184 (l).

1065 5214 1169 5266 Civibus
1182 5215 1297 5280 AEsopus
1312 5212 1375 5262 dixit
1388 5212 1461 5277 queis
1475 5213 1546 5262 culte
1558 5211 1706 5268 Ominibus,
