3882 6080
496 418 620 478 CAPUT
641 417 692 476 lv.
716 413 1018 475 EXHORTATORIA
1039 415 1088 475 u'r
1110 415 1424 476 SUPPLICATORIA.
1694 423 1748 479 καί

433 550 500 606 11⁶2.
516 547 667 606 ΑΔΗΑΟΝ.

237 703 240 710 .
338 663 380 718 sle
392 662 450 718 τοὺς
470 658 626 718 Ἑλληνικοὺς
637 661 768 723 πολέμους.

211 784 305 862 Μωροί
317 785 353 839 τό
365 781 470 847 πολλοί,
487 781 537 838 κᾶν
554 783 635 859 σοφοί
647 785 797 858 πεφυκέναι

211 869 335 943 δοκῶσιν,
353 872 380 927 οί
391 873 444 947 γῆς
457 854 584 933 Enseu<
595 873 754 946 πεφυκότες,

211 961 239 1014 οἳ
253 955 399 1038 βορόάριυν
412 961 522 1036 ἀφέντες
536 955 671 1034 ἔκφύλους
686 960 778 1034 μάχας

211 1049 289 1103 αὐτοὶ
301 1046 363 1103 καθ’
380 1047 469 1102 αὐτῶν
485 1048 637 1102 ἐσπάσαντο
651 1046 685 1101 ed
698 1041 775 1122 ξίφη.

469 1196 536 1254 113.
551 1204 646 1252 reue.

210 1323 298 1392 Δόξαν
315 1329 445 1404 μεγίστην
456 1330 505 1382 τοῦ
523 1327 593 1383 Θεοῦ
609 1323 767 1404 δεδορκότες

211 1415 319 1491 ἔχοντες
332 1415 414 1490 όμμα
428 1417 476 1470 καί
489 1417 574 1492 χέρας
588 1416 754 1492 ίπηρμίνας,

210 1504 321 1580 ἄραντες
335 1501 470 1579 εὐλογεῖτε
485 1504 531 1559 τόν
545 1505 742 1580 παντεργάτην,

208 1591 255 1646 τόν
270 1593 348 1668 tepor
364 1588 493 1646 ἐνδύονται
508 1592 555 1646 καί
568 1593 667 1668 κράτος
684 1593 754 1666 μίγα

208 1681 247 1756 τῷ
262 1673 366 1733 εὐσεόεῖ
376 1679 424 1734 καί
437 1678 628 1756 Χριστομύστρ
645 1675 775 1754 δεσπότῃ,

210 1767 307 1821 ἄνακτι
320 1769 406 1842 πιστῷ
421 1765 537 1843 Μιχαὴλ
551 1767 691 1844 εὐεργέτῃ.

211 1855 246 1910 Οί
260 1855 386 1918 εἰσιόντες
398 1855 448 1924 τὴν
463 1853 556 1925 πύλην
571 1856 619 1910 καί
632 1854 682 1923 τὴν
697 1851 778 1909 πόλιν

209 1939 319 1998 λαλεῖτε
331 1944 421 1997 πάντα
435 1940 495 1997 δεῖα
510 1937 710 2018 δεδοξασμένα·

214 2053 228 2081 ι
244 2027 326 2094 Πόλις
339 2030 452 2108 Κυρίου,
465 2032 557 2107 χαῖρε,
575 2030 644 2085 Σιύν
655 2030 675 2100 ἡ
688 2031 748 2098 νέα,

212 2116 372 2196 θεογράφοις
385 2113 492 2183 πίναξιν
508 2119 763 2204 ἐγγεγραμμένα-υ

285 2270 353 2328 111.
369 2267 529 2324 ΑΝΔΡΕΟΥ
549 2265 829 2324 ΧΑΡΤΟΦΥΛΑΚΟΣ

383 2356 450 2414 ΤΟΥ
470 2354 723 2415 ΛΙΒΑΔΙΝΑΡΙΟΥ.

475 2471 517 2526 nte
528 2471 625 2536 κριτήν.

212 2594 249 2648 Τὸ
264 2595 313 2663 τῆς
327 2589 405 2662 δίκης
418 2594 471 2670 πῦρ
487 2591 586 2669 ἐνορῶν
601 2591 653 2669 πρό
669 2592 719 2661 τῆς
734 2587 823 2662 δίκης,

212 2679 315 2756 λόγοις,
333 2677 458 2744 δικαστὰ,
478 2680 517 2756 μὴ
532 2671 698 2756 προλὴφθῇς
710 2679 761 2748 τὴν
781 2680 875 2756 φρένα.

214 2769 269 2845 Πῦρ
283 2769 336 2845 γὰρ
350 2761 452 2844 πέφυκε
467 2770 520 2821 τῶν
534 2764 625 2842 λόγων
638 2767 658 2834 ἠ
671 2764 848 2844 λαμπρότης,

212 2857 274 2920 τοὺς
286 2856 337 2926 τὴν
353 2852 432 2925 δίκην
447 2853 616 2917 κλέπτοντας
631 2849 740 2917 ἐνδίκως
756 2851 867 2930 φλέγον.

425 3004 492 3062 115.
509 3001 686 3060 ΜΑΝΟΥΗΑ.

213 3135 298 3214 Ξίφος
310 3137 457 3213 γυμνώσας
471 3137 507 3200 είς
522 3134 683 3191 θεοκτίστου
699 3136 791 3210 φόνον,

214 3221 308 3292 όπλιζε
323 3225 421 3279 σαυτόν
437 3225 473 3287 είς
485 3224 591 3301 σφαγὰς
602 3220 674 3292 καδη
681 3225 776 3300 μέραν.

288 3375 355 3432 116.
373 3370 567 3428 ΕΥΣΤΑΘΙΟΥ
580 3370 648 3427 ΤΟΥ
662 3370 816 3430 [doulos.

172 3504 211 3566 α’.
229 3490 304 3584 Op...
322 3503 442 3582 φύλασσε
459 3507 507 3559 τοῦ
522 3507 584 3568 νοός
596 3523 645 3559 σου
658 3505 707 3568 τὰς
723 3506 828 3581 φρένας,

214 3596 261 3649 καί
274 3593 380 3649 κοιλίαν
397 3588 505 3669 δάμαζε
519 3594 567 3647 καί
582 3590 710 3668 γλῶσσαν
722 3591 817 3657 πλέον,

214 3683 261 3737 καί
274 3682 324 3751 τὴν
337 3681 432 3752 στενὴν
452 3677 533 3735 δίωκε
547 3683 595 3736 τοῦ
614 3678 676 3754 βίου
690 3677 793 3750 πύλην,

214 3772 261 3824 καὶ
275 3773 357 3847 φεῦγε
371 3771 487 3845 κόσμον,
502 3769 549 3824 καὶ
561 3770 621 3832 νέος
630 3770 711 3843 γένου
721 3770 819 3845 γέρων.

144 3954 158 4000 5
178 3946 215 4023 β’.
232 3931 323 4024 ίχθύν,
340 3943 413 4023 ὕδωρ
428 3946 509 4022 ἄρτον
526 3964 567 4010 τι,
584 3945 670 4022 κηρόν
687 3945 735 3999 καί
751 3942 815 4021 μέλι

217 4035 326 4112 όίριστον
341 4030 419 4096 εἰδὼς
431 4035 479 4088 τοῦ
496 4033 566 4088 Θεοῦ
581 4035 629 4087 καὶ
644 4033 793 4104 Δεσπότου,

219 4124 257 4200 μὴ
271 4125 371 4197 κάμνε,
390 4121 429 4197 μή
446 4117 581 4200 φρόντιζε,
600 4120 639 4196 μὴ
656 4115 838 4190 ζήτειπλέον.

176 4299 213 4376 γ’.
229 4299 302 4354 Α’ίνιι
314 4298 367 4376 πρό
382 4295 503 4369 δείπνου,
519 4299 566 4352 καί
582 4297 650 4372 μετὰ
668 4295 766 4374 βρῶσιν
781 4293 874 4363 πάλιν,

218 4389 311 4464 εὐχαῖς
325 4387 368 4440 ἀεὶ
380 4389 490 4464 γέραιρε
504 4386 550 4440 τδν
565 4387 611 4440 σόν
627 4387 778 4455 deusde-qv.

482 4781 538 4830 113.
556 4794 643 4830 καιυυ.

177 4875 227 4926 Dei
241 4875 357 4926 ridentes
369 4873 439 4925 saeta
451 4871 663 4938 splendidissima

177 4959 212 5010 ed
223 4958 322 5024 templs
333 4957 392 5009 caeli
404 4955 503 5006 luminu
514 4963 540 5006 et
552 4955 654 5020 polmus
668 4953 745 5004 simul

179 5042 283 5108 erigite,
297 5055 385 5092 rerum
397 5039 474 5090 laude
488 5039 651 5088 celebrantes
666 5044 776 5101 patrem,

180 5129 225 5198 qui
238 5131 318 5181 robur
331 5128 424 5193 ingens
437 5134 514 5192 atque
526 5125 648 5176 virtutem
662 5122 757 5174 indidit

181 5214 277 5281 pietate
289 5212 371 5274 eluro,
386 5211 465 5261 rebus
477 5206 673 5274 augustissimo,

1253 555 1311 608 uu.
1328 552 1485 610 INCERTI.

1249 661 1278 710 In
1299 661 1392 710 Greeoa
1414 661 1492 710 bellu.

1025 783 1105 843 sulti
1117 784 1286 860 plerumque,
1302 785 1354 843 etsi
1368 785 1507 860 sepientes
1519 787 1577 842 neti
1593 804 1654 844 esse

1025 873 1179 942 videantur,
1194 873 1242 948 qui
1254 879 1329 930 terre
1342 873 1438 931 Graeeu
1451 881 1516 932 sunt
1528 874 1596 942 nuti,

934 973 936 978 ’
1026 960 1083 1036 qui,
1097 961 1277 1018 barbarorum
1289 961 1398 1019 omissis
1411 961 1533 1019 externis
1547 963 1657 1037 pugnis,

1026 1050 1080 1124 ipsi
1092 1049 1121 1106 in
1136 1050 1256 1124 se-ipsos
1271 1049 1435 1106 distrinxere
1447 1050 1566 1123 gladios.

1293 1203 1352 1256 113.
1371 1210 1471 1254 suun.

1026 1330 1145 1388 Gloriam
1159 1330 1304 1387 maximum
1316 1330 1365 1386 Dei
1379 1330 1513 1402 videntes,

1026 1417 1160 1475 hebentes
1174 1419 1267 1474 oeulos
1280 1425 1309 1474 et
1319 1435 1417 1474 munus
1432 1419 1561 1486 elevatas,

1027 1505 1231 1580 proficiscentes
1247 1505 1401 1564 benedicite
1415 1506 1755 1581 rerum-omniumopifici,

1027 1594 1074 1668 qui
1088 1594 1115 1650 vi
1132 1593 1221 1652 induit
1236 1603 1263 1652 et
1276 1594 1374 1650 robore
1385 1612 1486 1668 magno

1028 1684 1103 1757 pium
1118 1689 1145 1739 et
1159 1683 1393 1758 Christi-mysiam
1407 1683 1557 1752 dominum,

1028 1789 1122 1844 regem
1134 1771 1241 1828 fidelem
1252 1771 1410 1828 Michaelem
1424 1771 1586 1828 beneficum.

1029 1863 1083 1916 Vos
1097 1866 1187 1916 autem
1203 1859 1389 1932 ingredientes
1404 1865 1432 1916 et
1443 1867 1552 1934 portem
1566 1867 1594 1917 εί
1609 1860 1702 1916 urbem

1027 1947 1109 2004 dieioe
1123 1947 1213 2004 omnio
1227 1947 1319 2002 divine
1332 1946 1490 2004 celebrate:

1028 2057 1044 2087 ι
1059 2035 1131 2093 Urbe
1150 2034 1268 2103 Domini,
1277 2033 1361 2104 selue,
1378 2034 1444 2090 Sion
1459 2051 1540 2104 nove,

1027 2121 1201 2196 adeo-pistis
1215 2121 1317 2179 tubulis
1331 2120 1456 2196 depicto.
1476 2145 1491 2174 ν

1082 2273 1143 2328 111.
1162 2273 1322 2328 ANDREAE
1341 2272 1664 2330 CHARTOPHYLACIS

1255 2361 1490 2417 LIBADINARH.

1287 2469 1317 2518 In
1329 2467 1455 2533 judicem.

1027 2593 1146 2652 sustine
1159 2593 1251 2666 ignem
1267 2593 1389 2660 intuens,
1402 2601 1464 2649 ente
1473 2592 1618 2665 judicium,

1027 2700 1062 2739 ne
1073 2680 1176 2749 verbis,
1189 2681 1286 2755 judex,
1302 2689 1510 2755 praeoeeupetur
1522 2698 1599 2736 mens
1613 2690 1678 2748 tuo,

1027 2769 1103 2845 Ignis
1121 2769 1192 2826 enirn
1206 2776 1364 2826 nature-esi
1376 2768 1523 2826 uerborum
1535 2769 1675 2843 splendor,

1026 2857 1073 2932 qui
1084 2857 1219 2932 justitiam
1238 2857 1362 2913 furentes
1375 2855 1450 2929 juste
1465 2855 1566 2912 adurit.

1260 3009 1322 3062 115.
1342 3004 1535 3064 MANUELIS.

1028 3145 1127 3196 Ensem
1141 3154 1202 3193 eum
1217 3133 1398 3192 denudaveris
1413 3134 1442 3190 in
1455 3131 1606 3190 Theoetisti
1623 3150 1728 3202 necem,

1028 3225 1248 3299 armate-ipsum
1261 3222 1391 3280 incedes
1405 3220 1536 3296 quotidie.

1136 3377 1196 3430 ιιι.
1218 3337 1410 3430 euersum
1426 3370 1633 3429 ιοοκνοαειε.

1029 3509 1054 3564 l.
1074 3507 1163 3562 Hor...
1180 3505 1287 3562 custodi
1299 3503 1399 3560 mentis
1413 3508 1466 3560 ture
1481 3502 1641 3575 precordia,

1029 3603 1057 3654 et
1070 3601 1192 3650 ventrem
1209 3592 1291 3649 domo
1304 3599 1333 3649 εί
1345 3591 1467 3665 linguam
1480 3590 1581 3664 magis,

1029 3691 1058 3741 et
1068 3689 1170 3739 eretum
1182 3697 1349 3755 persequere
1361 3681 1424 3736 vites
1439 3686 1557 3754 portum,

1029 3778 1057 3828 et
1071 3768 1290 3843 ingemendum,
1304 3777 1333 3825 et
1346 3768 1397 3823 fies
1411 3767 1439 3822 in
1450 3767 1594 3841 juventute
1608 3784 1701 3823 senex.

1030 3948 1066 4004 11.
1081 3945 1199 4013 Piscem,
1211 3961 1311 4018 equam
1325 3961 1488 4018 penemque,
1501 3949 1529 4000 et
1543 3943 1597 3999 mel
1610 3961 1745 3998 euincere

1030 4035 1176 4110 prandium
1189 4050 1249 4090 esse
1259 4051 1321 4089 eum
1335 4032 1406 4090 seius
1419 4031 1469 4088 Dei
1485 4038 1513 4088 et
1527 4029 1646 4099 Domini,

1029 4141 1064 4182 ne
1078 4122 1214 4196 fatigeris,
1229 4137 1362 4186 recures,
1376 4137 1410 4176 ne
1424 4119 1504 4194 plura
1520 4135 1638 4191 queres

1569 4205 1646 4280 [bum
1661 4224 1756 4261 rursus

1031 4300 1080 4358 111.
1097 4298 1192 4356 Laude
1203 4301 1348 4355 Dominum
1363 4302 1391 4352 et
1409 4301 1472 4351 unte
1487 4311 1592 4351 ooenem
1607 4301 1635 4350 et
1647 4302 1711 4367 post
1725 4295 1760 4349 ci-

1031 4389 1159 4464 preoihus
1174 4403 1282 4460 semper
1296 4385 1353 4441 cole
1372 4392 1448 4442 tuum
1463 4383 1620 4440 Dominum.

998 4777 1055 4844 regi
1066 4778 1189 4842 benigno,
1202 4774 1325 4826 Michaeli
1340 4773 1458 4834 nomine;

999 4861 1144 4928 quicunque
1156 4865 1246 4925 portus
1260 4858 1349 4916 intret,
1364 4858 1505 4920 urbemque
1518 4857 1585 4906 hene
1597 4855 1653 4906 edit

999 4957 1106 4994 narrare
1119 4940 1221 4992 eunetis
1235 4939 1270 4992 sit
1282 4955 1383 4990 memor
1396 4939 1486 4989 leudes
1500 4938 1558 4990 Dei.

999 5027 1067 5079 Urbs
1079 5040 1149 5088 earn,
1165 5025 1245 5088 salve,
1260 5021 1377 5084 Numini,
1391 5020 1455 5072 Sion
1468 5035 1544 5083 nora,

1000 5109 1125 5174 inscripta
1140 5109 1197 5160 eseli
1211 5105 1315 5173 paginis
1329 5103 1485 5156 foventibus.

1593 5209 1619 5244 n.
1640 5207 1758 5243 onorius.
