3866 6016
24 2 149 351 l'

451 453 577 514 CAPUT
598 455 646 514 lll.
671 456 956 520 EPIGRAMMATA
976 463 1311 525 DEMONSTRATIVA.

322 586 389 646 126.
411 587 628 644 ΑΔΕΣΠΟΤΟΝ.

101 735 127 774 α.
147 701 308 794 Ᾰμριτρύων
323 717 389 796 ὑπὲρ
402 700 523 774 Ᾰλκαίου
536 716 652 797 τρίποδα
665 702 820 778 Ᾰπύλλωνι.

745 805 854 873 ἀθλους·

103 891 127 965 β.
155 891 208 955 Οθς
234 891 296 948 ποθ’
319 893 364 948 ὑπ’
384 891 547 971 Εὐρυσθεῖος
568 803 746 972 ἀναγκασθείλ
768 893 855 952 etheo*

100 981 191 1058 Πρῶπα
205 980 254 1057 μίν
269 981 296 1036 ἀν
308 981 402 1058 Νεμίσρ
418 981 529 1060 βριαρδν
544 986 693 1062 κατέπεφνε
705 983 814 1057 λίοντα,

100 1065 218 1146 δεύτερον
231 1065 316 1146 θδραν
329 1071 462 1148 Λερναίαν
476 1071 586 1144 ίκτεινι,
601 1075 689 1150 τρίτον
704 1069 734 1127 dl
803 1098 809 1116 ·

81 1160 196 1234 5κάιιρον
210 1158 238 1212 ἀν
252 1141 387 1235 Ᾰρκαδίρ,
404 1159 514 1229 στικτήν
529 1155 632 1237 ίλαρον
644 1157 820 1240 δίτίταρτον,

99 1247 215 1320 πέμπτον
228 1242 260 1300 dl
274 1244 422 1322 στρουθούς
433 1245 626 1325 Στυμφαλίδος
638 1245 728 1318 ήλασε
741 1246 852 1325 λίμνης,

100 1333 168 1389 ἓιιτον
183 1331 207 1389 δ’
221 1334 342 1410 Αὐγείαο
355 1335 447 1412 ίρύρει
459 1338 573 1413 κύπρον,
590 1332 709 1414 Ιθδομον
723 1334 810 1393 ethes

101 1423 126 1476 ἐκ
138 1422 248 1500 Κρήτης
260 1426 360 1501 ταῦρον
377 1425 462 1499 μίγαν
476 1423 536 1500 ήγα
554 1443 593 1493 εν,
609 1420 707 1501 ὄγδοον
718 1424 817 1489 ίττπους

101 1511 203 1588 Θρήιης
218 1505 346 1576 ἐξίλαστν
361 1507 524 1588 Διομήδεος,
535 1442 696 1583 θσπολύτης
708 1531 737 1568 τε

72 1596 219 1676 ιύζω]στῆρ’
235 1596 408 1676 ἐξεκόμισαν
419 1583 601 1676 τίμαζονίδος,
619 1597 731 1656 δέκατον
746 1598 776 1656 et

100 1689 232 1764 Γηρυόνην
245 1689 344 1744 ίκτεινε
357 1684 416 1766 [καί
430 1685 531 1768 ή]γαγε
546 1687 611 1766 βοῦς
620 1687 761 1764 ἀγελαίας·

101 1773 233 1832 ἑνδέκατον
249 1773 274 1831 δ’
290 1771 319 1842 ἐξ
334 1759 418 1834 Ᾰίδου
433 1779 556 1854 ἀνήγαγε
571 1773 715 1857 [Κίράερον
730 1773 827 1848 ἀλθών,

101 1849 244 1942 θσπερίδων
260 1860 285 1919 δ’
296 1866 396 1942 ήνεγκε
411 1863 504 1942 μολὼν
518 1862 567 1944 [τίς
580 1866 684 1944 Ιοχατα
696 1866 789 1944 χώρας

100 1955 193 2028 χρύσεα
213 1949 306 2028 μῆλα,
323 1949 460 2030 δράκοντα
471 1951 575 2032 λαθ[ιθν
590 1955 851 2032 ίκατοντακάρηνον.

71 2038 93 2084 tt
101 2037 202 2096 Δώδεκα
215 2043 264 2118 μίν
274 2038 362 2104 τούςδ’
374 2035 493 2106 ἐξανύων
504 2040 617 2113 ἄθλους,
628 2045 707 2098 κτάνε
719 2040 851 2108 πολλούς·

100 2129 214 2206 Βούσιριν
230 2130 279 2205 μίν
295 2130 323 2184 ἀν
336 2125 487 2208 Αίγύπήερ,
503 2125 632 2196 diducet<
647 2127 672 2185 δ’
683 2131 710 2185 tv
726 2131 855 2210 ἀρούραις

24 2269 25 2274 ,
100 2201 213 2290 leaeo,
230 2215 330 2294 Φολόη
344 2213 534 2297 Κενήαύρους,
552 2219 579 2273 ἀν
592 2215 622 2274 dl
636 2220 737 2297 περαίᾳ

101 2305 194 2360 Κύκνον
209 2302 246 2360 ἰδ’
260 2289 355 2371 deror,
373 2305 401 2370 ύς
418 2307 449 2361 τὸ
468 2302 642 2384 [Προμηθίος
653 2303 747 2376 ήσθεεν
759 2302 852 2384 ήπαρ·

101 2392 123 2445 ἐν
135 2389 229 2458 Λυδοῖς
242 2391 391 2471 πυμάτοι[ς
405 2395 483 2450 κτάνε
502 2391 594 2450 Συλία
607 2395 654 2450 καί
664 2396 825 2474 Λιτυίρσην,

70 2477 135 2535 ἳθθθ
147 2482 192 2536 τθν
194 2524 794 2542 ...................

382 2809 450 2868 127.
468 2816 564 2866 ΛΔΔΟ.

102 2939 200 3010 Πείντες,
216 2936 369 3010 Μιλτιάδη,
385 2941 421 2994 cd
435 2939 459 2995 o’
475 2941 561 3018 ἀρήια
572 2939 639 3020 ίργα
650 2940 740 2998 ’ίσασεν

135 3031 238 3108 Πέρσαι,
253 3031 302 3085 καί
316 3026 451 3108 Μαραθὼν
465 3032 516 3100 σῆς
528 3031 627 3108 ἀρετῆς
639 3033 750 3107 τίμενος

228 3182 297 3239 128.
319 3177 511 3238 ΔΙΟΓΕΝΟΥΣ
531 3178 712 3240 assertor.

206 3314 261 3370 Τθν
275 3309 382 3370 κλεινθν
399 3311 568 3391 Φερεκύδην,

208 3403 240 3482 δν
249 3403 334 3457 τίκτει
344 3402 411 3457 ποτὶ
423 3401 519 3479 Σύρος,

209 3491 237 3554 ἀς
248 3487 360 3569 φθεῖρας
370 3487 455 3566 λόγος
467 3491 537 3546 ἐστίν

207 3572 332 3644 ἀλλάξαι
340 3578 372 3634 τά
386 3579 449 3657 πρίν
462 3575 543 3646 είδος,

206 3663 293 3722 θεῖναί
302 3664 328 3722 τ’
343 3662 541 3722 retentetur

205 3755 371 3832 Μαγνήτων,
385 3755 431 3810 ἵνα
444 3757 523 3827 νίκην

208 3839 272 3914 δοίη
286 3845 342 3908 τοῖς
354 3827 471 3920 θρίσοιο

225 3934 342 3997 ενναίοις
349 3930 485 3998 πολίταις.

206 3947 310 4098 θνγάρ
323 4023 461 4098 χρησμός,
479 4017 583 4098 δνήδει

210 4112 320 4185 μοῦνος,
333 4111 413 4163 τοῦτο
428 4106 563 4165 κελεύων·

208 4198 256 4250 καὶ
271 4193 383 4266 θνήσκει
394 4195 459 4273 παρ’
473 4196 594 4261 ἐκείνοις.

208 4261 246 4338 lle
261 4278 309 4338 οὖν
322 4279 396 4338 τοῦτ’
411 4281 455 4360 ἀρ’
469 4280 582 4354 ἀληθίς·

389 4591 446 4640 121.
464 4605 553 4641 amun.

104 4695 209 4762 Cognita,
224 4697 353 4760 Miltiade,
368 4705 414 4749 tna
427 4698 498 4750 tacta
511 4698 629 4764 ingentia
643 4699 747 4763 Persiu

131 4779 211 4832 virtuti
224 4781 365 4834 Marathon
377 4787 419 4832 est
431 4795 508 4832 sacra
520 4787 592 4832 terre
603 4789 663 4833 tuse.

682 4879 708 4914 n.
728 4879 849 4916 osorius.

304 4987 360 5036 118.
378 4999 499 5037 nrcorrus
517 4999 633 5037 suarm.

220 5095 350 5146 Nnrratur
361 5095 535 5159 Pherecydes,

221 5177 300 5243 Cujus
312 5175 399 5243 patrie.
411 5178 503 5242 Syrus,

223 5260 363 5312 mutavisse
375 5259 489 5328 priorem

1615 471 1669 529 311

1167 605 1226 658 tec.
1247 603 1424 662 ANONYMI.

910 729 1418 810 u.AmphitryonproAlcaeotripedem
1427 738 1547 812 Apollini
1557 740 1672 796 dedicet.

1559 827 1671 900 [bores:

910 911 934 964 b.
950 909 1024 978 Quos
1038 909 1102 966 clim
1110 909 1224 983 jubente
1239 912 1411 986 Eurysthene
1423 921 1571 972 exsecutus
1583 921 1627 973 est
1635 915 1674 973 la·

910 997 1001 1054 Primo
1016 995 1125 1072 quidem
1137 998 1165 1054 in
1180 1000 1283 1056 Nemea
1294 1000 1413 1058 validum
1423 1001 1524 1082 occidit
1538 1003 1653 1074 leonem,

910 1084 1028 1142 secundo
1042 1085 1157 1159 hydram
1170 1087 1309 1145 Lernaeam
1320 1088 1468 1159 interfecit,
1478 1090 1616 1166 tertioque

909 1188 1005 1244 aprum
1019 1172 1048 1229 in
1061 1173 1187 1242 Arcadia,
1201 1173 1422 1249 maculosamque
1437 1193 1545 1233 cervsm
1559 1183 1670 1251 quarte,

909 1257 1059 1333 quintoque
1073 1276 1138 1316 ares
1152 1259 1341 1335 Stymphalide
1355 1261 1461 1336 depulit
1474 1262 1584 1337 palude,

910 1353 1043 1421 sextoque
1054 1347 1151 1422 Augias
1166 1347 1276 1406 sustulit
1287 1355 1402 1416 stercus,
1416 1351 1547 1424 septimo,
1555 1367 1617 1408 cum
1630 1367 1675 1408 ve-

1563 1433 1671 1512 [nisset

910 1539 945 1578 ex
959 1522 1041 1580 Creta
1052 1529 1160 1580 taurum
1172 1524 1310 1598 ingentem
1333 1525 1459 1592 abduxit,
1475 1535 1572 1584 octavo
1586 1543 1672 1601 equos

909 1610 1028 1667 Thracia
1039 1611 1135 1685 abegit
1149 1611 1298 1681 Diomedis,
1311 1613 1519 1688 Hippolytusque

909 1697 1048 1772 cingulum
1058 1699 1172 1756 abstulit
1185 1701 1369 1771 Amazonidis,
1382 1701 1542 1776 decimoque

910 1785 1064 1859 Geryonem
1079 1786 1188 1856 occidit,
1207 1793 1235 1844 et
1249 1787 1365 1845 abduxit
1378 1788 1464 1846 bores
1480 1789 1653 1858 armentales,

909 1883 1052 1940 undecima
1075 1883 1135 1940 vice
1158 1901 1193 1941 ex
1214 1883 1284 1942 Orco
1307 1886 1423 1944 abduxit
1443 1887 1605 1955 Cerberum,
1626 1887 1673 1944 ubi

1576 1975 1672 2048 [venit

911 2059 1144 2134 Hesperidumque
1158 2059 1281 2127 abstulit,
1297 2061 1345 2118 ubi
1358 2060 1427 2119 adiit
1440 2067 1563 2120 extrema
1580 2071 1670 2132 terre,

909 2165 993 2205 aurea
1003 2148 1085 2218 mals,
1095 2149 1213 2206 macone
1227 2149 1342 2224 decepto
1357 2149 1524 2225 centicipite.

910 2235 1058 2292 Duodecim
1076 2243 1168 2294 autem
1186 2235 1230 2293 his
1246 2237 1379 2295 contectis
1397 2237 1552 2307 laboribus,
1571 2237 1671 2296 multos

910 2321 1025 2378 Busirim
1037 2324 1065 2379 iu
1078 2323 1211 2398 AEgypto,
1224 2323 1388 2398 Libycisque
1401 2324 1428 2380 in
1444 2323 1518 2382 arvis
1540 2324 1650 2398 [cecidit
1663 2343 1670 2382 :

908 2411 1042 2480 Anteum,
1056 2411 1176 2468 Pholoes
1187 2410 1347 2482 Centauros,
1358 2411 1441 2484 inque
1453 2409 1582 2468 ulteriore
1599 2417 1673 2468 terra

909 2498 1029 2574 Cycnum
1036 2505 1119 2574 atque
1130 2501 1229 2558 Actum
1240 2501 1271 2557 (ι’.
1283 2517 1306 2558 e.
1316 2498 1444 2574 aquilam)
1453 2499 1501 2574 qui
1514 2498 1672 2557 Promethei

1388 2587 1561 2660 [comedebat
1570 2587 1648 2661 jecur
1662 2601 1670 2642 ε

909 2676 983 2750 apud
991 2675 1084 2751 Lydos
1092 2681 1229 2733 extremos
1242 2675 1341 2732 cecidit
1351 2675 1434 2750 Sylea
1447 2681 1476 2732 et
1485 2674 1670 2750 Lityersem...

1197 2828 1256 2883 127.
1276 2835 1375 2879 ALIUD.

909 2959 1018 3026 Omnes,
1035 2957 1167 3026 Miltiade,
1183 2965 1232 3014 tua
1245 2959 1343 3014 martie
1356 2958 1430 3014 lacta
1442 2963 1543 3014 norunt

943 3047 1045 3117 Perse,
1062 3054 1090 3104 et
1101 3047 1246 3103 Marathon
1258 3054 1311 3103 tute
1320 3045 1430 3102 virtutis
1443 3045 1574 3120 templum
1585 3048 1634 3104 cst.

1080 3199 1139 3253 128.
1161 3195 1327 3252 DIOGENIS
1346 3194 1501 3252 LAERTH.

977 3327 1102 3385 Inclitum
1113 3327 1309 3402 Pherecydem,

978 3433 1059 3490 quem
1073 3415 1145 3489 perit
1158 3414 1222 3472 olim
1233 3415 1329 3489 Syrus,

978 3503 1007 3560 in
1021 3503 1162 3578 pediculos
1175 3503 1249 3560 tama
1260 3510 1304 3559 est

978 3599 1099 3649 mutasse
1113 3591 1233 3665 priorem
1246 3590 1370 3660 lormam,

979 3681 1098 3755 ponique
1112 3685 1209 3738 contm
1218 3679 1336 3755 jussisse

978 3768 1134 3842 Magnetas,
1149 3773 1182 3826 ut
1194 3765 1336 3825 victoriam

978 3855 1058 3912 dmct
1070 3853 1172 3928 Ephesi

979 3942 1121 4016 generosis
1134 3940 1248 3998 civibus.

979 4029 1044 4088 Erat
1057 4029 1130 4086 enim
1143 4029 1292 4100 oraculum,
1306 4027 1379 4102 quod
1392 4033 1505 4084 noverat

978 4117 1062 4186 solus,
1079 4118 1133 4176 hoc
1143 4117 1257 4193 jubens,

878 4209 882 4226 ¹
979 4205 1134 4262 etmeritur
1148 4204 1223 4280 apud
1236 4221 1294 4262 eos.

978 4295 1044 4352 Erat
1057 4293 1141 4368 igitur
1153 4294 1205 4350 boc
1217 4299 1291 4351 certe
1301 4311 1396 4350 verum
1411 4311 1417 4349 :

1038 4594 1145 4646 milleno
1160 4593 1226 4659 pede
1239 4592 1351 4644 formam

1040 4685 1066 4729 et
1074 4676 1187 4742 jussisse
1199 4675 1291 4742 reponi

1037 4776 1065 4812 se
1079 4759 1255 4826 Magnetibus,
1267 4765 1298 4810 ut
1310 4757 1349 4808 sic

1036 4843 1070 4893 ed
1084 4842 1153 4893 cives
1166 4839 1313 4908 Ephesinos

1039 4941 1067 4976 se
1078 4923 1189 4976 victoria
1200 4925 1293 4986 terret3

1037 5024 1099 5061 nam
1111 5023 1170 5074 quse
1181 5013 1290 5059 noverat
1302 5021 1368 5058 nnus

1036 5092 1063 5142 id
1077 5105 1204 5156 responsa
1214 5091 1351 5142 canebant.

1036 5172 1081 5224 Sic
1091 5173 1235 5224 exstinctus
1246 5171 1343 5224 ibidem
1355 5179 1403 5224 est.

1037 5257 1113 5320 Vere,
1126 5254 1237 5307 simodo
1251 5270 1316 5307 vera
