<?xml version="1.0" encoding="UTF-8"?>
<!DOCTYPE html PUBLIC "-//W3C//DTD XHTML 1.0 Transitional//EN"
    "http://www.w3.org/TR/xhtml1/DTD/xhtml1-transitional.dtd">
<html xmlns="http://www.w3.org/1999/xhtml" xml:lang="en" lang="en">
 <head>
  <title>
</title>
<meta http-equiv="Content-Type" content="text/html;charset=utf-8" />
  <meta name='ocr-system' content='tesseract 3.04.00' />
  <meta name='ocr-capabilities' content='ocr_page ocr_carea ocr_par ocr_line ocrx_word'/>
</head>
<body>
  <div class='ocr_page' id='page_1' title='image "./epigrammatumant02couggoog/epigrammatumant02couggoog_0363.png"; bbox 0 0 3866 6016; ppageno 0'>
   <div class='ocr_carea' id='block_1_1' title="bbox 240 391 1368 462">
    <p class='ocr_par' dir='ltr' id='par_1_1' title="bbox 240 391 1368 462">
     <span class='ocr_line' id='line_1_1' title="bbox 240 391 1368 462; baseline -0.004 0"><span class='ocrx_word' id='word_1_1' title='bbox 240 403 299 462; x_wconf 76' lang='lat' dir='ltr'><strong>eae</strong></span> <span class='ocrx_word' id='word_1_2' title='bbox 688 393 947 455; x_wconf 76' lang='lat' dir='ltr'><strong>iurnoaonre·</strong></span> <span class='ocrx_word' id='word_1_3' title='bbox 969 391 1120 454; x_wconf 50' lang='lat' dir='ltr'><strong>ortacia</strong></span> <span class='ocrx_word' id='word_1_4' title='bbox 1140 394 1368 458; x_wconf 75' lang='lat' dir='ltr'><strong>aurnunrcrs</strong></span> 
     </span>
    </p>
   </div>
   <div class='ocr_carea' id='block_1_2' title="bbox 240 527 861 704">
    <p class='ocr_par' dir='ltr' id='par_1_2' title="bbox 240 527 861 704">
     <span class='ocr_line' id='line_1_2' title="bbox 240 527 772 614; baseline -0.015 -24"><span class='ocrx_word' id='word_1_5' title='bbox 240 533 304 592; x_wconf 82' lang='grc' dir='ltr'><strong>ἀλλ’</strong></span> <span class='ocrx_word' id='word_1_6' title='bbox 318 534 339 606; x_wconf 77' lang='grc' dir='ltr'>ἡ</span> <span class='ocrx_word' id='word_1_7' title='bbox 355 535 475 614; x_wconf 85' lang='grc' dir='ltr'><strong>φέρουσα</strong></span> <span class='ocrx_word' id='word_1_8' title='bbox 487 532 538 601; x_wconf 72' lang='grc' dir='ltr'><strong>τὴν</strong></span> <span class='ocrx_word' id='word_1_9' title='bbox 553 527 685 600; x_wconf 80' lang='grc' dir='ltr'><strong>ἀλήθειαν</strong></span> <span class='ocrx_word' id='word_1_10' title='bbox 702 531 772 600; x_wconf 87' lang='grc' dir='ltr'><strong>μόνη</strong></span> 
     </span>
     <span class='ocr_line' id='line_1_3' title="bbox 240 617 861 704; baseline -0.008 -22"><span class='ocrx_word' id='word_1_11' title='bbox 240 629 336 692; x_wconf 80' lang='grc' dir='ltr'>πίστις,</span> <span class='ocrx_word' id='word_1_12' title='bbox 351 623 477 704; x_wconf 81' lang='grc' dir='ltr'><strong>Μιχαήλ,</strong></span> <span class='ocrx_word' id='word_1_13' title='bbox 498 625 579 700; x_wconf 84' lang='grc' dir='ltr'><strong>μέχρι</strong></span> <span class='ocrx_word' id='word_1_14' title='bbox 591 622 639 676; x_wconf 85' lang='grc' dir='ltr'><strong>καὶ</strong></span> <span class='ocrx_word' id='word_1_15' title='bbox 651 618 740 676; x_wconf 80' lang='grc' dir='ltr'><strong>πόλου</strong></span> <span class='ocrx_word' id='word_1_16' title='bbox 757 617 861 697; x_wconf 82' lang='grc' dir='ltr'><strong>φθάνει.</strong></span> 
     </span>
    </p>
   </div>
   <div class='ocr_carea' id='block_1_3' title="bbox 529 773 716 831">
    <p class='ocr_par' dir='ltr' id='par_1_3' title="bbox 529 773 716 831">
     <span class='ocr_line' id='line_1_4' title="bbox 529 773 716 831; baseline -0.021 -1"><span class='ocrx_word' id='word_1_17' title='bbox 529 773 597 831; x_wconf 76' lang='grc'><strong>377.</strong></span> <span class='ocrx_word' id='word_1_18' title='bbox 618 779 716 829; x_wconf 73' lang='lat' dir='ltr'><strong>arao</strong></span> 
     </span>
    </p>
   </div>
   <div class='ocr_carea' id='block_1_4' title="bbox 469 883 771 952">
    <p class='ocr_par' dir='ltr' id='par_1_4' title="bbox 469 883 771 952">
     <span class='ocr_line' id='line_1_5' title="bbox 469 883 771 952; baseline -0.013 -16"><span class='ocrx_word' id='word_1_19' title='bbox 469 887 510 942; x_wconf 84' lang='grc' dir='ltr'><strong>Εές</strong></span> <span class='ocrx_word' id='word_1_20' title='bbox 522 883 634 952; x_wconf 72' lang='grc' dir='ltr'><strong>Χριστοῦ</strong></span> <span class='ocrx_word' id='word_1_21' title='bbox 648 885 771 947; x_wconf 83' lang='grc' dir='ltr'><strong>γέννησιν.</strong></span> 
     </span>
    </p>
   </div>
   <div class='ocr_carea' id='block_1_5' title="bbox 238 993 876 1176">
    <p class='ocr_par' dir='ltr' id='par_1_5' title="bbox 238 993 876 1176">
     <span class='ocr_line' id='line_1_6' title="bbox 240 993 825 1085; baseline -0.015 -20"><span class='ocrx_word' id='word_1_22' title='bbox 240 993 262 1066; x_wconf 86' lang='grc' dir='ltr'><strong>θ</strong></span> <span class='ocrx_word' id='word_1_23' title='bbox 280 1008 382 1085; x_wconf 81' lang='grc' dir='ltr'><strong>μητρὸς</strong></span> <span class='ocrx_word' id='word_1_24' title='bbox 396 1007 471 1070; x_wconf 85' lang='grc' dir='ltr'><strong>έκτθς</strong></span> <span class='ocrx_word' id='word_1_25' title='bbox 484 1005 586 1084; x_wconf 81' lang='grc' dir='ltr'><strong>πατρὸς</strong></span> <span class='ocrx_word' id='word_1_26' title='bbox 598 1006 718 1082; x_wconf 77' lang='grc' dir='ltr'><strong>ἀχρύνου</strong></span> <span class='ocrx_word' id='word_1_27' title='bbox 732 1005 825 1058; x_wconf 86' lang='grc' dir='ltr'><strong>τέκνον</strong></span> 
     </span>
     <span class='ocr_line' id='line_1_7' title="bbox 238 1089 876 1176; baseline -0.005 -25"><span class='ocrx_word' id='word_1_28' title='bbox 238 1099 285 1152; x_wconf 87' lang='grc' dir='ltr'><strong>νύν</strong></span> <span class='ocrx_word' id='word_1_29' title='bbox 297 1097 398 1176; x_wconf 85' lang='grc' dir='ltr'><strong>πατρὸς</strong></span> <span class='ocrx_word' id='word_1_30' title='bbox 413 1096 488 1160; x_wconf 85' lang='grc' dir='ltr'><strong>έκτθς</strong></span> <span class='ocrx_word' id='word_1_31' title='bbox 504 1094 607 1172; x_wconf 84' lang='grc' dir='ltr'><strong>μητρὸς</strong></span> <span class='ocrx_word' id='word_1_32' title='bbox 619 1095 751 1170; x_wconf 79' lang='grc' dir='ltr'><strong>έγχρόνου</strong></span> <span class='ocrx_word' id='word_1_33' title='bbox 768 1089 876 1170; x_wconf 86' lang='grc' dir='ltr'><strong>βρέφος.</strong></span> 
     </span>
    </p>
   </div>
   <div class='ocr_carea' id='block_1_6' title="bbox 529 1242 718 1302">
    <p class='ocr_par' dir='ltr' id='par_1_6' title="bbox 529 1242 718 1302">
     <span class='ocr_line' id='line_1_8' title="bbox 529 1242 718 1302; baseline -0.026 -1"><span class='ocrx_word' id='word_1_34' title='bbox 529 1242 599 1302; x_wconf 84' lang='grc'><strong>375.</strong></span> <span class='ocrx_word' id='word_1_35' title='bbox 620 1250 718 1298; x_wconf 78' lang='lat' dir='ltr'><strong>iano,</strong></span> 
     </span>
    </p>
   </div>
   <div class='ocr_carea' id='block_1_7' title="bbox 292 1351 947 1423">
    <p class='ocr_par' dir='ltr' id='par_1_7' title="bbox 292 1351 947 1423">
     <span class='ocr_line' id='line_1_9' title="bbox 292 1351 947 1423; baseline -0.008 -16"><span class='ocrx_word' id='word_1_36' title='bbox 292 1359 334 1414; x_wconf 73' lang='grc' dir='ltr'><strong>Εἲς</strong></span> <span class='ocrx_word' id='word_1_37' title='bbox 347 1359 389 1406; x_wconf 79' lang='grc' dir='ltr'><strong>τὸν</strong></span> <span class='ocrx_word' id='word_1_38' title='bbox 402 1355 522 1423; x_wconf 78' lang='grc' dir='ltr'><strong>Χριστόν,</strong></span> <span class='ocrx_word' id='word_1_39' title='bbox 538 1357 582 1416; x_wconf 76' lang='grc' dir='ltr'><strong>την</strong></span> <span class='ocrx_word' id='word_1_40' title='bbox 598 1355 732 1415; x_wconf 84' lang='grc' dir='ltr'><strong>θεοτόκον,</strong></span> <span class='ocrx_word' id='word_1_41' title='bbox 746 1352 788 1403; x_wconf 79' lang='grc' dir='ltr'><strong>τὸν</strong></span> <span class='ocrx_word' id='word_1_42' title='bbox 801 1351 947 1418; x_wconf 84' lang='grc' dir='ltr'><strong>Πρόδρομον</strong></span> 
     </span>
    </p>
   </div>
   <div class='ocr_carea' id='block_1_8' title="bbox 238 1431 801 1719">
    <p class='ocr_par' dir='ltr' id='par_1_8' title="bbox 238 1431 801 1719">
     <span class='ocr_line' id='line_1_10' title="bbox 495 1431 745 1493; baseline -0.008 -12"><span class='ocrx_word' id='word_1_43' title='bbox 495 1431 607 1488; x_wconf 76' lang='grc' dir='ltr'><strong>καὶτοὺς</strong></span> <span class='ocrx_word' id='word_1_44' title='bbox 620 1431 745 1493; x_wconf 74' lang='grc' dir='ltr'><strong>ἀγγέλους.</strong></span> 
     </span>
     <span class='ocr_line' id='line_1_11' title="bbox 238 1547 798 1630; baseline -0.014 -20"><span class='ocrx_word' id='word_1_45' title='bbox 238 1555 275 1610; x_wconf 80' lang='lat' dir='ltr'><strong>Te</strong></span> <span class='ocrx_word' id='word_1_46' title='bbox 290 1556 355 1630; x_wconf 85' lang='grc' dir='ltr'><strong>φῶς,</strong></span> <span class='ocrx_word' id='word_1_47' title='bbox 371 1554 385 1608; x_wconf 83' lang='lat'><strong>6</strong></span> <span class='ocrx_word' id='word_1_48' title='bbox 399 1551 511 1630; x_wconf 83' lang='grc' dir='ltr'><strong>λύχνος,</strong></span> <span class='ocrx_word' id='word_1_49' title='bbox 528 1553 555 1608; x_wconf 84' lang='grc' dir='ltr'><strong>οἱ</strong></span> <span class='ocrx_word' id='word_1_50' title='bbox 568 1555 628 1614; x_wconf 84' lang='grc' dir='ltr'><strong>νέες</strong></span> <span class='ocrx_word' id='word_1_51' title='bbox 638 1551 686 1604; x_wconf 79' lang='grc' dir='ltr'><strong>καὶ</strong></span> <span class='ocrx_word' id='word_1_52' title='bbox 695 1547 798 1626; x_wconf 78' lang='grc' dir='ltr'><strong>λυχνέα</strong></span> 
     </span>
     <span class='ocr_line' id='line_1_12' title="bbox 238 1637 801 1719; baseline -0.002 -22"><span class='ocrx_word' id='word_1_53' title='bbox 238 1642 332 1719; x_wconf 75' lang='grc' dir='ltr'><strong>ψυχὴν</strong></span> <span class='ocrx_word' id='word_1_54' title='bbox 346 1638 538 1718; x_wconf 80' lang='grc' dir='ltr'><strong>δεαυγάζοντες</strong></span> <span class='ocrx_word' id='word_1_55' title='bbox 551 1641 599 1695; x_wconf 80' lang='grc' dir='ltr'><strong>καλ.</strong></span> <span class='ocrx_word' id='word_1_56' title='bbox 613 1637 672 1714; x_wconf 89' lang='grc' dir='ltr'><strong>βέον</strong></span> <span class='ocrx_word' id='word_1_57' title='bbox 688 1639 801 1716; x_wconf 85' lang='grc' dir='ltr'><strong>Πέτρου.</strong></span> 
     </span>
    </p>
   </div>
   <div class='ocr_carea' id='block_1_9' title="bbox 405 1793 836 1969">
    <p class='ocr_par' dir='ltr' id='par_1_9' title="bbox 405 1793 836 1969">
     <span class='ocr_line' id='line_1_13' title="bbox 527 1793 710 1852; baseline -0.027 0"><span class='ocrx_word' id='word_1_58' title='bbox 527 1793 595 1852; x_wconf 86' lang='grc'><strong>376.</strong></span> <span class='ocrx_word' id='word_1_59' title='bbox 613 1801 710 1850; x_wconf 70' lang='lat' dir='ltr'><strong>Allo.</strong></span> 
     </span>
     <span class='ocr_line' id='line_1_14' title="bbox 405 1903 836 1969; baseline -0.005 -12"><span class='ocrx_word' id='word_1_60' title='bbox 405 1907 447 1964; x_wconf 80' lang='grc' dir='ltr'><strong>Εἰς</strong></span> <span class='ocrx_word' id='word_1_61' title='bbox 461 1907 505 1968; x_wconf 72' lang='grc' dir='ltr'><strong>τὴν</strong></span> <span class='ocrx_word' id='word_1_62' title='bbox 518 1906 632 1969; x_wconf 81' lang='grc' dir='ltr'><strong>κοέρησιν</strong></span> <span class='ocrx_word' id='word_1_63' title='bbox 643 1907 687 1965; x_wconf 76' lang='grc' dir='ltr'><strong>τῆς</strong></span> <span class='ocrx_word' id='word_1_64' title='bbox 700 1903 836 1955; x_wconf 65' lang='lat' dir='ltr'><strong>erotema.</strong></span> 
     </span>
    </p>
   </div>
   <div class='ocr_carea' id='block_1_10' title="bbox 236 2022 873 2372">
    <p class='ocr_par' dir='ltr' id='par_1_10' title="bbox 236 2022 873 2372">
     <span class='ocr_line' id='line_1_15' title="bbox 238 2022 873 2106; baseline -0.008 -21"><span class='ocrx_word' id='word_1_65' title='bbox 238 2030 292 2085; x_wconf 82' lang='grc' dir='ltr'><strong>Καὶ</strong></span> <span class='ocrx_word' id='word_1_66' title='bbox 303 2030 353 2099; x_wconf 75' lang='grc' dir='ltr'><strong>τὴν</strong></span> <span class='ocrx_word' id='word_1_67' title='bbox 367 2030 455 2099; x_wconf 83' lang='grc' dir='ltr'><strong>πνοὴν</strong></span> <span class='ocrx_word' id='word_1_68' title='bbox 471 2027 599 2106; x_wconf 76' lang='grc' dir='ltr'><strong>ἔγραψεν,</strong></span> <span class='ocrx_word' id='word_1_69' title='bbox 613 2023 703 2105; x_wconf 85' lang='grc' dir='ltr'><strong>οἶμαι,</strong></span> <span class='ocrx_word' id='word_1_70' title='bbox 720 2022 873 2103; x_wconf 79' lang='grc' dir='ltr'>ζωγράφος,</span> 
     </span>
     <span class='ocr_line' id='line_1_16' title="bbox 238 2111 830 2194; baseline -0.008 -21"><span class='ocrx_word' id='word_1_71' title='bbox 238 2120 261 2173; x_wconf 82' lang='grc' dir='ltr'><strong>εἱ</strong></span> <span class='ocrx_word' id='word_1_72' title='bbox 278 2118 316 2194; x_wconf 86' lang='grc' dir='ltr'><strong>μὴ</strong></span> <span class='ocrx_word' id='word_1_73' title='bbox 333 2115 468 2172; x_wconf 81' lang='grc' dir='ltr'><strong>θανοῦσαν</strong></span> <span class='ocrx_word' id='word_1_74' title='bbox 481 2119 532 2186; x_wconf 73' lang='grc' dir='ltr'><strong>την</strong></span> <span class='ocrx_word' id='word_1_75' title='bbox 542 2117 634 2194; x_wconf 82' lang='grc' dir='ltr'><strong>Κόρην</strong></span> <span class='ocrx_word' id='word_1_76' title='bbox 647 2118 750 2170; x_wconf 66' lang='lat' dir='ltr'><strong>ruanis</strong></span> <span class='ocrx_word' id='word_1_77' title='bbox 765 2111 830 2170; x_wconf 74' lang='lat' dir='ltr'><strong>tter</strong></span> 
     </span>
     <span class='ocr_line' id='line_1_17' title="bbox 236 2201 857 2284; baseline -0.005 -24"><span class='ocrx_word' id='word_1_78' title='bbox 236 2210 311 2284; x_wconf 75' lang='grc' dir='ltr'><strong>ταφῇ</strong></span> <span class='ocrx_word' id='word_1_79' title='bbox 326 2209 417 2283; x_wconf 87' lang='grc' dir='ltr'><strong>παρῆν</strong></span> <span class='ocrx_word' id='word_1_80' title='bbox 433 2224 484 2277; x_wconf 85' lang='grc' dir='ltr'><strong>σοι,</strong></span> <span class='ocrx_word' id='word_1_81' title='bbox 498 2205 546 2260; x_wconf 84' lang='grc' dir='ltr'><strong>καὶ</strong></span> <span class='ocrx_word' id='word_1_82' title='bbox 557 2207 653 2281; x_wconf 72' lang='grc' dir='ltr'><strong>γραφῇ</strong></span> <span class='ocrx_word' id='word_1_83' title='bbox 667 2206 759 2280; x_wconf 83' lang='grc' dir='ltr'><strong>παρῆν</strong></span> <span class='ocrx_word' id='word_1_84' title='bbox 773 2201 857 2258; x_wconf 83' lang='grc' dir='ltr'><strong>πάλιν</strong></span> 
     </span>
     <span class='ocr_line' id='line_1_18' title="bbox 237 2288 846 2372; baseline 0 -22"><span class='ocrx_word' id='word_1_85' title='bbox 237 2295 305 2367; x_wconf 79' lang='grc' dir='ltr'><strong>υἱός,</strong></span> <span class='ocrx_word' id='word_1_86' title='bbox 318 2295 407 2372; x_wconf 86' lang='grc' dir='ltr'><strong>Κόρη,</strong></span> <span class='ocrx_word' id='word_1_87' title='bbox 425 2297 480 2360; x_wconf 86' lang='grc' dir='ltr'><strong>σύς,</strong></span> <span class='ocrx_word' id='word_1_88' title='bbox 497 2296 533 2357; x_wconf 84' lang='grc' dir='ltr'><strong>ὡς</strong></span> <span class='ocrx_word' id='word_1_89' title='bbox 548 2289 632 2358; x_wconf 86' lang='grc' dir='ltr'><strong>δοκῶ,</strong></span> <span class='ocrx_word' id='word_1_90' title='bbox 647 2295 684 2368; x_wconf 84' lang='grc' dir='ltr'><strong>τῷ</strong></span> <span class='ocrx_word' id='word_1_91' title='bbox 700 2288 846 2369; x_wconf 76' lang='grc' dir='ltr'>ζωγράφῳ.</span> 
     </span>
    </p>
   </div>
   <div class='ocr_carea' id='block_1_11' title="bbox 236 2443 881 3093">
    <p class='ocr_par' dir='ltr' id='par_1_11' title="bbox 236 2443 881 3093">
     <span class='ocr_line' id='line_1_19' title="bbox 530 2443 710 2501; baseline -0.017 0"><span class='ocrx_word' id='word_1_92' title='bbox 530 2443 597 2501; x_wconf 92' lang='grc'><strong>377.</strong></span> <span class='ocrx_word' id='word_1_93' title='bbox 614 2448 710 2500; x_wconf 72' lang='lat' dir='ltr'><strong>aare.</strong></span> 
     </span>
     <span class='ocr_line' id='line_1_20' title="bbox 509 2555 731 2619; baseline -0.009 0"><span class='ocrx_word' id='word_1_94' title='bbox 509 2555 562 2619; x_wconf 69' lang='lat' dir='ltr'><strong>[ute</strong></span> <span class='ocrx_word' id='word_1_95' title='bbox 574 2556 619 2614; x_wconf 77' lang='lat' dir='ltr'><strong>niv</strong></span> <span class='ocrx_word' id='word_1_96' title='bbox 632 2555 731 2618; x_wconf 65' lang='lat' dir='ltr'><strong>nisit-l</strong></span> 
     </span>
     <span class='ocr_line' id='line_1_21' title="bbox 237 2662 881 2754; baseline -0.005 -21"><span class='ocrx_word' id='word_1_97' title='bbox 237 2662 260 2733; x_wconf 81' lang='grc' dir='ltr'><strong>θ</strong></span> <span class='ocrx_word' id='word_1_98' title='bbox 272 2679 381 2754; x_wconf 81' lang='grc' dir='ltr'><strong>πνεῦμα</strong></span> <span class='ocrx_word' id='word_1_99' title='bbox 393 2677 440 2732; x_wconf 87' lang='grc' dir='ltr'><strong>σθν</strong></span> <span class='ocrx_word' id='word_1_100' title='bbox 454 2679 502 2733; x_wconf 87' lang='grc' dir='ltr'><strong>καὶ</strong></span> <span class='ocrx_word' id='word_1_101' title='bbox 514 2680 596 2754; x_wconf 80' lang='grc' dir='ltr'><strong>χεῖρα</strong></span> <span class='ocrx_word' id='word_1_102' title='bbox 608 2679 656 2731; x_wconf 84' lang='grc' dir='ltr'><strong>νῦν</strong></span> <span class='ocrx_word' id='word_1_103' title='bbox 670 2679 719 2732; x_wconf 85' lang='grc' dir='ltr'><strong>τοῦ</strong></span> <span class='ocrx_word' id='word_1_104' title='bbox 735 2672 881 2754; x_wconf 79' lang='grc' dir='ltr'><strong>ζωγράφου</strong></span> 
     </span>
     <span class='ocr_line' id='line_1_22' title="bbox 236 2763 821 2844; baseline 0.003 -24"><span class='ocrx_word' id='word_1_105' title='bbox 236 2769 341 2844; x_wconf 87' lang='grc' dir='ltr'><strong>κρατῶν</strong></span> <span class='ocrx_word' id='word_1_106' title='bbox 357 2763 460 2843; x_wconf 73' lang='grc' dir='ltr'><strong>ἔγραψε</strong></span> <span class='ocrx_word' id='word_1_107' title='bbox 475 2765 526 2836; x_wconf 74' lang='grc' dir='ltr'><strong>σὴν</strong></span> <span class='ocrx_word' id='word_1_108' title='bbox 543 2767 716 2842; x_wconf 80' lang='grc' dir='ltr'><strong>μετάστασιν,</strong></span> <span class='ocrx_word' id='word_1_109' title='bbox 732 2765 821 2842; x_wconf 84' lang='grc' dir='ltr'><strong>Κόρη.</strong></span> 
     </span>
     <span class='ocr_line' id='line_1_23' title="bbox 524 2899 738 2972; baseline -0.023 0"><span class='ocrx_word' id='word_1_110' title='bbox 524 2913 593 2972; x_wconf 88' lang='grc'><strong>373.</strong></span> <span class='ocrx_word' id='word_1_111' title='bbox 611 2919 708 2970; x_wconf 77' lang='lat' dir='ltr'><strong>nuno.</strong></span> <span class='ocrx_word' id='word_1_112' title='bbox 726 2899 738 2926; x_wconf 82' lang='lat'>⁸</span> 
     </span>
     <span class='ocr_line' id='line_1_24' title="bbox 513 3025 726 3093; baseline -0.019 -15"><span class='ocrx_word' id='word_1_113' title='bbox 513 3027 565 3093; x_wconf 83' lang='grc' dir='ltr'><strong>[Εές</strong></span> <span class='ocrx_word' id='word_1_114' title='bbox 576 3028 620 3086; x_wconf 79' lang='grc' dir='ltr'><strong>τὴν</strong></span> <span class='ocrx_word' id='word_1_115' title='bbox 629 3025 726 3090; x_wconf 65' lang='grc' dir='ltr'><strong>αὐτήν]</strong></span> 
     </span>
    </p>
   </div>
   <div class='ocr_carea' id='block_1_12' title="bbox 228 3147 899 3405">
    <p class='ocr_par' dir='ltr' id='par_1_12' title="bbox 228 3147 899 3405">
     <span class='ocr_line' id='line_1_25' title="bbox 236 3147 879 3224; baseline -0.008 -20"><span class='ocrx_word' id='word_1_116' title='bbox 236 3147 290 3204; x_wconf 73' lang='lat' dir='ltr'><strong>liat</strong></span> <span class='ocrx_word' id='word_1_117' title='bbox 302 3152 357 3213; x_wconf 83' lang='grc' dir='ltr'><strong>πῶς</strong></span> <span class='ocrx_word' id='word_1_118' title='bbox 370 3147 512 3220; x_wconf 79' lang='grc' dir='ltr'><strong>τέθνηκας,</strong></span> <span class='ocrx_word' id='word_1_119' title='bbox 528 3149 563 3219; x_wconf 72' lang='grc' dir='ltr'><strong>ἦν</strong></span> <span class='ocrx_word' id='word_1_120' title='bbox 576 3167 608 3224; x_wconf 87' lang='grc' dir='ltr'><strong>γε</strong></span> <span class='ocrx_word' id='word_1_121' title='bbox 623 3149 671 3202; x_wconf 78' lang='grc' dir='ltr'><strong>καὶ</strong></span> <span class='ocrx_word' id='word_1_122' title='bbox 682 3147 879 3224; x_wconf 68' lang='grc' dir='ltr'><strong>γεγραμμένην</strong></span> 
     </span>
     <span class='ocr_line' id='line_1_26' title="bbox 228 3233 755 3314; baseline -0.008 -22"><span class='ocrx_word' id='word_1_123' title='bbox 228 3238 301 3314; x_wconf 82' lang='grc' dir='ltr'><strong>ύρᾶν</strong></span> <span class='ocrx_word' id='word_1_124' title='bbox 317 3234 452 3314; x_wconf 81' lang='grc' dir='ltr'><strong>δοκοῦμεν</strong></span> <span class='ocrx_word' id='word_1_125' title='bbox 466 3239 517 3308; x_wconf 74' lang='grc' dir='ltr'><strong>τὴν</strong></span> <span class='ocrx_word' id='word_1_126' title='bbox 533 3233 647 3304; x_wconf 77' lang='grc' dir='ltr'><strong>ἀείζωον</strong></span> <span class='ocrx_word' id='word_1_127' title='bbox 662 3235 755 3313; x_wconf 83' lang='grc' dir='ltr'><strong>Κόρην</strong></span> 
     </span>
     <span class='ocr_line' id='line_1_27' title="bbox 236 3321 899 3405; baseline -0.005 -25"><span class='ocrx_word' id='word_1_128' title='bbox 236 3327 286 3380; x_wconf 83' lang='grc' dir='ltr'><strong>οὐκ</strong></span> <span class='ocrx_word' id='word_1_129' title='bbox 300 3323 417 3405; x_wconf 82' lang='grc' dir='ltr'><strong>ἀκριθῶς</strong></span> <span class='ocrx_word' id='word_1_130' title='bbox 431 3325 613 3397; x_wconf 78' lang='grc' dir='ltr'><strong>θνήσκουσαν,</strong></span> <span class='ocrx_word' id='word_1_131' title='bbox 629 3321 692 3380; x_wconf 85' lang='grc' dir='ltr'><strong>ἀλλ’</strong></span> <span class='ocrx_word' id='word_1_132' title='bbox 709 3324 899 3399; x_wconf 51' lang='lat' dir='ltr'><strong>§manupellum</strong></span> 
     </span>
    </p>
   </div>
   <div class='ocr_carea' id='block_1_13' title="bbox 479 3476 741 3654">
    <p class='ocr_par' dir='ltr' id='par_1_13' title="bbox 479 3476 741 3654">
     <span class='ocr_line' id='line_1_28' title="bbox 521 3476 709 3534; baseline -0.005 0"><span class='ocrx_word' id='word_1_133' title='bbox 521 3476 589 3534; x_wconf 84' lang='grc'><strong>373.</strong></span> <span class='ocrx_word' id='word_1_134' title='bbox 612 3483 709 3533; x_wconf 76' lang='lat' dir='ltr'><strong>rano.</strong></span> 
     </span>
     <span class='ocr_line' id='line_1_29' title="bbox 479 3587 741 3654; baseline 0.004 -2"><span class='ocrx_word' id='word_1_135' title='bbox 479 3587 538 3653; x_wconf 67' lang='lat' dir='ltr'><strong>[nte]</strong></span> <span class='ocrx_word' id='word_1_136' title='bbox 552 3589 741 3654; x_wconf 65' lang='lat' dir='ltr'><strong>tvuwtlirwvl</strong></span> 
     </span>
    </p>
   </div>
   <div class='ocr_carea' id='block_1_14' title="bbox 273 3707 884 3787">
    <p class='ocr_par' dir='ltr' id='par_1_14' title="bbox 273 3707 884 3787">
     <span class='ocr_line' id='line_1_30' title="bbox 273 3707 884 3787; baseline -0.003 -19"><span class='ocrx_word' id='word_1_137' title='bbox 273 3707 323 3778; x_wconf 82' lang='grc' dir='ltr'><strong>Μὴ</strong></span> <span class='ocrx_word' id='word_1_138' title='bbox 338 3711 390 3786; x_wconf 90' lang='grc' dir='ltr'><strong>πύρ</strong></span> <span class='ocrx_word' id='word_1_139' title='bbox 406 3707 524 3787; x_wconf 79' lang='grc' dir='ltr'><strong>ἀνάψῃς·</strong></span> <span class='ocrx_word' id='word_1_140' title='bbox 540 3714 650 3786; x_wconf 87' lang='grc' dir='ltr'><strong>χρυσός,</strong></span> <span class='ocrx_word' id='word_1_141' title='bbox 668 3711 795 3787; x_wconf 86' lang='grc' dir='ltr'><strong>ἀργορος,</strong></span> <span class='ocrx_word' id='word_1_142' title='bbox 810 3707 884 3766; x_wconf 84' lang='grc' dir='ltr'><strong>λέθοε</strong></span> 
     </span>
    </p>
   </div>
   <div class='ocr_carea' id='block_1_15' title="bbox 274 3795 910 3876">
    <p class='ocr_par' dir='ltr' id='par_1_15' title="bbox 274 3795 910 3876">
     <span class='ocr_line' id='line_1_31' title="bbox 274 3795 910 3876; baseline 0.002 -24"><span class='ocrx_word' id='word_1_143' title='bbox 274 3795 419 3874; x_wconf 85' lang='grc' dir='ltr'><strong>φλέγουοεν</strong></span> <span class='ocrx_word' id='word_1_144' title='bbox 435 3799 542 3874; x_wconf 81' lang='grc' dir='ltr'><strong>αὐγαῖς,</strong></span> <span class='ocrx_word' id='word_1_145' title='bbox 559 3799 643 3874; x_wconf 81' lang='grc' dir='ltr'><strong>χωρὶς</strong></span> <span class='ocrx_word' id='word_1_146' title='bbox 657 3795 809 3875; x_wconf 80' lang='grc' dir='ltr'><strong>ἀνθράκων,</strong></span> <span class='ocrx_word' id='word_1_147' title='bbox 827 3802 910 3876; x_wconf 89' lang='grc' dir='ltr'><strong>μύρα.</strong></span> 
     </span>
    </p>
   </div>
   <div class='ocr_carea' id='block_1_16' title="bbox 520 3947 707 4124">
    <p class='ocr_par' dir='ltr' id='par_1_16' title="bbox 520 3947 707 4124">
     <span class='ocr_line' id='line_1_32' title="bbox 524 3947 707 4006; baseline -0.005 0"><span class='ocrx_word' id='word_1_148' title='bbox 524 3947 593 4006; x_wconf 87' lang='grc'><strong>380.</strong></span> <span class='ocrx_word' id='word_1_149' title='bbox 609 3955 707 4005; x_wconf 70' lang='lat' dir='ltr'><strong>Atlio.</strong></span> 
     </span>
     <span class='ocr_line' id='line_1_33' title="bbox 520 4057 706 4124; baseline 0.011 -16"><span class='ocrx_word' id='word_1_150' title='bbox 520 4058 571 4124; x_wconf 79' lang='grc' dir='ltr'><strong>[Εἰς</strong></span> <span class='ocrx_word' id='word_1_151' title='bbox 584 4057 613 4108; x_wconf 81' lang='grc' dir='ltr'><strong>τὸ</strong></span> <span class='ocrx_word' id='word_1_152' title='bbox 625 4059 706 4124; x_wconf 70' lang='lat' dir='ltr'><strong>etet]</strong></span> 
     </span>
    </p>
   </div>
   <div class='ocr_carea' id='block_1_17' title="bbox 271 4163 897 4345">
    <p class='ocr_par' dir='ltr' id='par_1_17' title="bbox 271 4163 897 4345">
     <span class='ocr_line' id='line_1_34' title="bbox 273 4163 875 4258; baseline -0.002 -22"><span class='ocrx_word' id='word_1_153' title='bbox 273 4163 425 4258; x_wconf 85' lang='grc' dir='ltr'><strong>θφθαλμθν</strong></span> <span class='ocrx_word' id='word_1_154' title='bbox 439 4177 506 4257; x_wconf 60' lang='lat' dir='ltr'><strong>uta,</strong></span> <span class='ocrx_word' id='word_1_155' title='bbox 520 4181 568 4236; x_wconf 80' lang='grc' dir='ltr'><strong>τὸν</strong></span> <span class='ocrx_word' id='word_1_156' title='bbox 582 4177 719 4257; x_wconf 78' lang='grc' dir='ltr'><strong>λογισμὸν</strong></span> <span class='ocrx_word' id='word_1_157' title='bbox 732 4183 768 4258; x_wconf 77' lang='grc' dir='ltr'><strong>τῇ</strong></span> <span class='ocrx_word' id='word_1_158' title='bbox 779 4181 875 4258; x_wconf 79' lang='grc' dir='ltr'><strong>τέχνῃ,</strong></span> 
     </span>
     <span class='ocr_line' id='line_1_35' title="bbox 271 4263 897 4345; baseline 0.006 -25"><span class='ocrx_word' id='word_1_159' title='bbox 271 4268 370 4344; x_wconf 86' lang='grc' dir='ltr'><strong>τέρπου</strong></span> <span class='ocrx_word' id='word_1_160' title='bbox 386 4263 416 4322; x_wconf 82' lang='grc' dir='ltr'><strong>δέ</strong></span> <span class='ocrx_word' id='word_1_161' title='bbox 428 4267 479 4337; x_wconf 69' lang='grc' dir='ltr'><strong>τὴν</strong></span> <span class='ocrx_word' id='word_1_162' title='bbox 494 4264 620 4337; x_wconf 84' lang='grc' dir='ltr'><strong>α’έσθηοεν</strong></span> <span class='ocrx_word' id='word_1_163' title='bbox 636 4263 712 4344; x_wconf 80' lang='grc' dir='ltr'><strong>ὀδμῇ</strong></span> <span class='ocrx_word' id='word_1_164' title='bbox 726 4269 779 4322; x_wconf 86' lang='grc' dir='ltr'><strong>τῶν</strong></span> <span class='ocrx_word' id='word_1_165' title='bbox 794 4271 897 4345; x_wconf 88' lang='grc' dir='ltr'><strong>μύρων.</strong></span> 
     </span>
    </p>
   </div>
   <div class='ocr_carea' id='block_1_18' title="bbox 269 4415 857 5051">
    <p class='ocr_par' dir='ltr' id='par_1_18' title="bbox 518 4415 710 4480">
     <span class='ocr_line' id='line_1_36' title="bbox 518 4415 710 4480; baseline -0.005 -6"><span class='ocrx_word' id='word_1_166' title='bbox 518 4415 587 4480; x_wconf 83' lang='lat'><strong>381.</strong></span> <span class='ocrx_word' id='word_1_167' title='bbox 610 4424 710 4473; x_wconf 78' lang='lat' dir='ltr'><strong>arao.</strong></span> 
     </span>
    </p>

    <p class='ocr_par' dir='ltr' id='par_1_19' title="bbox 269 4519 857 4810">
     <span class='ocr_line' id='line_1_37' title="bbox 522 4519 709 4586; baseline 0.011 -18"><span class='ocrx_word' id='word_1_168' title='bbox 522 4519 574 4584; x_wconf 84' lang='grc' dir='ltr'><strong>[Εές</strong></span> <span class='ocrx_word' id='word_1_169' title='bbox 587 4522 616 4570; x_wconf 87' lang='grc' dir='ltr'><strong>τὸ</strong></span> <span class='ocrx_word' id='word_1_170' title='bbox 628 4521 709 4586; x_wconf 69' lang='lat' dir='ltr'><strong>etet]</strong></span> 
     </span>
     <span class='ocr_line' id='line_1_38' title="bbox 269 4639 857 4720; baseline -0.003 -21"><span class='ocrx_word' id='word_1_171' title='bbox 269 4641 425 4712; x_wconf 81' lang='grc' dir='ltr'><strong>Αέοθήσεων</strong></span> <span class='ocrx_word' id='word_1_172' title='bbox 439 4644 509 4720; x_wconf 79' lang='grc' dir='ltr'><strong>τρεῖς</strong></span> <span class='ocrx_word' id='word_1_173' title='bbox 523 4641 601 4719; x_wconf 89' lang='grc' dir='ltr'><strong>έργον</strong></span> <span class='ocrx_word' id='word_1_174' title='bbox 616 4641 644 4695; x_wconf 82' lang='grc' dir='ltr'><strong>έν</strong></span> <span class='ocrx_word' id='word_1_175' title='bbox 658 4643 749 4720; x_wconf 82' lang='grc' dir='ltr'><strong>τέρπει</strong></span> <span class='ocrx_word' id='word_1_176' title='bbox 762 4639 857 4697; x_wconf 86' lang='grc' dir='ltr'><strong>πλέον·</strong></span> 
     </span>
     <span class='ocr_line' id='line_1_39' title="bbox 270 4728 842 4810; baseline 0.002 -23"><span class='ocrx_word' id='word_1_177' title='bbox 270 4732 361 4810; x_wconf 85' lang='grc' dir='ltr'><strong>Τριάς,</strong></span> <span class='ocrx_word' id='word_1_178' title='bbox 377 4750 407 4786; x_wconf 84' lang='grc' dir='ltr'><strong>σε</strong></span> <span class='ocrx_word' id='word_1_179' title='bbox 420 4733 532 4809; x_wconf 78' lang='grc' dir='ltr'><strong>πρώτην</strong></span> <span class='ocrx_word' id='word_1_180' title='bbox 546 4733 599 4786; x_wconf 85' lang='grc' dir='ltr'><strong>τῶν</strong></span> <span class='ocrx_word' id='word_1_181' title='bbox 611 4733 703 4808; x_wconf 87' lang='grc' dir='ltr'><strong>μύρων</strong></span> <span class='ocrx_word' id='word_1_182' title='bbox 716 4731 736 4801; x_wconf 80' lang='grc' dir='ltr'><strong>ή</strong></span> <span class='ocrx_word' id='word_1_183' title='bbox 752 4728 842 4790; x_wconf 81' lang='grc' dir='ltr'><strong>θυσία.</strong></span> 
     </span>
    </p>

    <p class='ocr_par' dir='ltr' id='par_1_20' title="bbox 523 4849 705 4941">
     <span class='ocr_line' id='line_1_40' title="bbox 523 4849 705 4941; baseline -0.005 -2"><span class='ocrx_word' id='word_1_184' title='bbox 523 4880 592 4940; x_wconf 80' lang='lat' dir='ltr'><strong>nae.</strong></span> <span class='ocrx_word' id='word_1_185' title='bbox 608 4849 705 4941; x_wconf 74' lang='lat' dir='ltr'><strong>aare.</strong></span> 
     </span>
    </p>

    <p class='ocr_par' dir='ltr' id='par_1_21' title="bbox 512 4986 706 5051">
     <span class='ocr_line' id='line_1_41' title="bbox 512 4986 706 5051; baseline 0.01 -17"><span class='ocrx_word' id='word_1_186' title='bbox 512 4987 573 5051; x_wconf 81' lang='grc' dir='ltr'><strong>,[Εές</strong></span> <span class='ocrx_word' id='word_1_187' title='bbox 584 4986 613 5036; x_wconf 82' lang='grc' dir='ltr'><strong>τὸ</strong></span> <span class='ocrx_word' id='word_1_188' title='bbox 625 4986 706 5050; x_wconf 71' lang='lat' dir='ltr'><strong>enee]</strong></span> 
     </span>
    </p>
   </div>
   <div class='ocr_carea' id='block_1_19' title="bbox 271 5107 886 5276">
    <p class='ocr_par' dir='ltr' id='par_1_22' title="bbox 271 5107 886 5276">
     <span class='ocr_line' id='line_1_42' title="bbox 271 5107 875 5185; baseline 0.005 -23"><span class='ocrx_word' id='word_1_189' title='bbox 271 5107 308 5162; x_wconf 79' lang='lat' dir='ltr'><strong>Trl</strong></span> <span class='ocrx_word' id='word_1_190' title='bbox 325 5107 420 5185; x_wconf 79' lang='grc' dir='ltr'><strong>μικρὸν</strong></span> <span class='ocrx_word' id='word_1_191' title='bbox 436 5107 514 5185; x_wconf 79' lang='grc' dir='ltr'><strong>ἔργον</strong></span> <span class='ocrx_word' id='word_1_192' title='bbox 529 5111 581 5162; x_wconf 87' lang='grc' dir='ltr'><strong>τῶν</strong></span> <span class='ocrx_word' id='word_1_193' title='bbox 597 5107 668 5164; x_wconf 76' lang='grc' dir='ltr'><strong>ὅλων</strong></span> <span class='ocrx_word' id='word_1_194' title='bbox 681 5111 765 5185; x_wconf 87' lang='grc' dir='ltr'><strong>μέγας</strong></span> <span class='ocrx_word' id='word_1_195' title='bbox 777 5111 875 5174; x_wconf 84' lang='grc' dir='ltr'><strong>τύπος·</strong></span> 
     </span>
     <span class='ocr_line' id='line_1_43' title="bbox 271 5192 886 5276; baseline 0.007 -26"><span class='ocrx_word' id='word_1_196' title='bbox 271 5192 365 5274; x_wconf 82' lang='grc' dir='ltr'><strong>αἰθήρ,</strong></span> <span class='ocrx_word' id='word_1_197' title='bbox 383 5197 397 5251; x_wconf 81' lang='grc' dir='ltr'><strong>θ</strong></span> <span class='ocrx_word' id='word_1_198' title='bbox 411 5200 522 5274; x_wconf 87' lang='grc' dir='ltr'><strong>χρυσός,</strong></span> <span class='ocrx_word' id='word_1_199' title='bbox 536 5197 662 5276; x_wconf 76' lang='grc' dir='ltr'><strong>ἄργυρος,</strong></span> <span class='ocrx_word' id='word_1_200' title='bbox 679 5201 744 5273; x_wconf 82' lang='grc' dir='ltr'><strong>φῶς,</strong></span> <span class='ocrx_word' id='word_1_201' title='bbox 762 5199 788 5253; x_wconf 87' lang='grc' dir='ltr'><strong>οἱ</strong></span> <span class='ocrx_word' id='word_1_202' title='bbox 801 5196 886 5265; x_wconf 84' lang='grc' dir='ltr'><strong>λέθοι,</strong></span> 
     </span>
    </p>
   </div>
   <div class='ocr_carea' id='block_1_20' title="bbox 1056 530 1708 701">
    <p class='ocr_par' dir='ltr' id='par_1_23' title="bbox 1056 530 1708 701">
     <span class='ocr_line' id='line_1_44' title="bbox 1057 530 1441 596; baseline 0.023 -10"><span class='ocrx_word' id='word_1_203' title='bbox 1057 530 1107 586; x_wconf 86' lang='lat' dir='ltr'><strong>sed</strong></span> <span class='ocrx_word' id='word_1_204' title='bbox 1122 531 1212 590; x_wconf 86' lang='lat' dir='ltr'><strong>ferens</strong></span> <span class='ocrx_word' id='word_1_205' title='bbox 1227 534 1368 593; x_wconf 85' lang='lat' dir='ltr'><strong>veritatem</strong></span> <span class='ocrx_word' id='word_1_206' title='bbox 1383 537 1441 596; x_wconf 86' lang='lat' dir='ltr'><strong>sole</strong></span> 
     </span>
     <span class='ocr_line' id='line_1_45' title="bbox 1056 616 1708 701; baseline 0.02 -29"><span class='ocrx_word' id='word_1_207' title='bbox 1056 616 1135 688; x_wconf 84' lang='lat' dir='ltr'><strong>fides,</strong></span> <span class='ocrx_word' id='word_1_208' title='bbox 1152 619 1278 690; x_wconf 87' lang='lat' dir='ltr'><strong>Michael‚</strong></span> <span class='ocrx_word' id='word_1_209' title='bbox 1295 639 1382 697; x_wconf 90' lang='lat' dir='ltr'><strong>usque</strong></span> <span class='ocrx_word' id='word_1_210' title='bbox 1396 624 1433 680; x_wconf 87' lang='lat' dir='ltr'><strong>ad</strong></span> <span class='ocrx_word' id='word_1_211' title='bbox 1447 627 1540 682; x_wconf 76' lang='lat' dir='ltr'><strong>celum</strong></span> <span class='ocrx_word' id='word_1_212' title='bbox 1557 629 1708 701; x_wconf 83' lang='lat' dir='ltr'><strong>precurrit.</strong></span> 
     </span>
    </p>
   </div>
   <div class='ocr_carea' id='block_1_21' title="bbox 1275 775 1605 933">
    <p class='ocr_par' dir='ltr' id='par_1_24' title="bbox 1275 775 1605 933">
     <span class='ocr_line' id='line_1_46' title="bbox 1351 775 1532 830; baseline -0.006 -1"><span class='ocrx_word' id='word_1_213' title='bbox 1351 775 1413 830; x_wconf 74' lang='grc'><strong>377.</strong></span> <span class='ocrx_word' id='word_1_214' title='bbox 1432 785 1532 828; x_wconf 77' lang='lat' dir='ltr'><strong>aaron.</strong></span> 
     </span>
     <span class='ocr_line' id='line_1_47' title="bbox 1275 878 1605 933; baseline 0.015 -5"><span class='ocrx_word' id='word_1_215' title='bbox 1275 878 1306 928; x_wconf 90' lang='lat' dir='ltr'><strong>ln</strong></span> <span class='ocrx_word' id='word_1_216' title='bbox 1318 878 1417 930; x_wconf 80' lang='lat' dir='ltr'><strong>Christi</strong></span> <span class='ocrx_word' id='word_1_217' title='bbox 1427 880 1605 933; x_wconf 82' lang='lat' dir='ltr'><strong>nativitatem.</strong></span> 
     </span>
    </p>
   </div>
   <div class='ocr_carea' id='block_1_22' title="bbox 1055 999 1832 1173">
    <p class='ocr_par' dir='ltr' id='par_1_25' title="bbox 1055 999 1832 1173">
     <span class='ocr_line' id='line_1_48' title="bbox 1055 999 1832 1084; baseline 0.018 -29"><span class='ocrx_word' id='word_1_218' title='bbox 1055 999 1102 1056; x_wconf 91' lang='lat' dir='ltr'><strong>Ille</strong></span> <span class='ocrx_word' id='word_1_219' title='bbox 1117 1000 1222 1075; x_wconf 85' lang='lat' dir='ltr'><strong>absque</strong></span> <span class='ocrx_word' id='word_1_220' title='bbox 1231 1010 1318 1061; x_wconf 89' lang='lat' dir='ltr'><strong>matre</strong></span> <span class='ocrx_word' id='word_1_221' title='bbox 1327 1006 1415 1079; x_wconf 86' lang='lat' dir='ltr'><strong>patris</strong></span> <span class='ocrx_word' id='word_1_222' title='bbox 1425 1006 1744 1084; x_wconf 68' lang='lat' dir='ltr'><strong>quisine-temporeest</strong></span> <span class='ocrx_word' id='word_1_223' title='bbox 1753 1011 1832 1068; x_wconf 85' lang='lat' dir='ltr'><strong>filius</strong></span> 
     </span>
     <span class='ocr_line' id='line_1_49' title="bbox 1056 1090 1831 1173; baseline 0.019 -31"><span class='ocrx_word' id='word_1_224' title='bbox 1056 1104 1128 1145; x_wconf 87' lang='lat' dir='ltr'><strong>nuno</strong></span> <span class='ocrx_word' id='word_1_225' title='bbox 1141 1091 1219 1148; x_wconf 81' lang='lat' dir='ltr'><strong>adest</strong></span> <span class='ocrx_word' id='word_1_226' title='bbox 1232 1090 1337 1166; x_wconf 86' lang='lat' dir='ltr'><strong>absque</strong></span> <span class='ocrx_word' id='word_1_227' title='bbox 1356 1100 1435 1167; x_wconf 89' lang='lat' dir='ltr'><strong>patre</strong></span> <span class='ocrx_word' id='word_1_228' title='bbox 1452 1095 1549 1152; x_wconf 88' lang='lat' dir='ltr'><strong>matris</strong></span> <span class='ocrx_word' id='word_1_229' title='bbox 1568 1096 1831 1173; x_wconf 75' lang='lat' dir='ltr'><strong>quse-intempore-</strong></span> 
     </span>
    </p>
   </div>
   <div class='ocr_carea' id='block_1_23' title="bbox 1346 1184 1830 1302">
    <p class='ocr_par' dir='ltr' id='par_1_26' title="bbox 1346 1184 1830 1302">
     <span class='ocr_line' id='line_1_50' title="bbox 1650 1184 1830 1257; baseline 0.011 -17"><span class='ocrx_word' id='word_1_230' title='bbox 1650 1184 1705 1257; x_wconf 88' lang='lat' dir='ltr'><strong>[est</strong></span> <span class='ocrx_word' id='word_1_231' title='bbox 1721 1185 1830 1249; x_wconf 81' lang='lat' dir='ltr'><strong>inians.</strong></span> 
     </span>
     <span class='ocr_line' id='line_1_51' title="bbox 1346 1245 1528 1302; baseline 0.011 -4"><span class='ocrx_word' id='word_1_232' title='bbox 1346 1245 1406 1302; x_wconf 81' lang='grc'><strong>375.</strong></span> <span class='ocrx_word' id='word_1_233' title='bbox 1428 1256 1528 1301; x_wconf 72' lang='lat' dir='ltr'><strong>aurun.</strong></span> 
     </span>
    </p>
   </div>
   <div class='ocr_carea' id='block_1_24' title="bbox 1159 1347 1722 1492">
    <p class='ocr_par' dir='ltr' id='par_1_27' title="bbox 1159 1316 1922 1492">
     <span class='ocr_line' id='line_1_52' title="bbox 1159 1347 1722 1416; baseline 0.016 -19"><span class='ocrx_word' id='word_1_234' title='bbox 1159 1347 1189 1397; x_wconf 90' lang='lat' dir='ltr'><strong>ln</strong></span> <span class='ocrx_word' id='word_1_235' title='bbox 1203 1347 1345 1411; x_wconf 85' lang='lat' dir='ltr'><strong>Christum,</strong></span> <span class='ocrx_word' id='word_1_236' title='bbox 1359 1350 1510 1416; x_wconf 83' lang='lat' dir='ltr'><strong>Deiperem‚</strong></span> <span class='ocrx_word' id='word_1_237' title='bbox 1524 1353 1722 1405; x_wconf 69' lang='lat' dir='ltr'><strong>praecursorem</strong></span> 
     </span>
     <span class='ocr_line' id='line_1_53' title="bbox 1354 1428 1527 1492; baseline 0.012 -17"><span class='ocrx_word' id='word_1_238' title='bbox 1354 1433 1381 1476; x_wconf 87' lang='lat' dir='ltr'><strong>et</strong></span> <span class='ocrx_word' id='word_1_239' title='bbox 1400 1428 1527 1492; x_wconf 77' lang='lat' dir='ltr'><strong>Angelos.</strong></span> 
     </span>
    </p>
   </div>
   <div class='ocr_carea' id='block_1_25' title="bbox 1056 1547 1589 1699">
    <p class='ocr_par' dir='ltr' id='par_1_28' title="bbox 1056 1547 1589 1699">
     <span class='ocr_line' id='line_1_54' title="bbox 1056 1547 1589 1628; baseline 0.013 -24"><span class='ocrx_word' id='word_1_240' title='bbox 1056 1548 1169 1619; x_wconf 89' lang='lat' dir='ltr'><strong>Lumen,</strong></span> <span class='ocrx_word' id='word_1_241' title='bbox 1182 1547 1308 1621; x_wconf 81' lang='lat' dir='ltr'>lychnus,</span> <span class='ocrx_word' id='word_1_242' title='bbox 1323 1559 1428 1608; x_wconf 78' lang='lat' dir='ltr'><strong>mentes</strong></span> <span class='ocrx_word' id='word_1_243' title='bbox 1443 1561 1472 1610; x_wconf 90' lang='lat' dir='ltr'><strong>et</strong></span> <span class='ocrx_word' id='word_1_244' title='bbox 1484 1553 1589 1628; x_wconf 87' lang='lat' dir='ltr'><strong>lampas</strong></span> 
     </span>
     <span class='ocr_line' id='line_1_55' title="bbox 1056 1635 1589 1699; baseline 0.015 -8"><span class='ocrx_word' id='word_1_245' title='bbox 1056 1635 1173 1692; x_wconf 85' lang='lat' dir='ltr'><strong>animem</strong></span> <span class='ocrx_word' id='word_1_246' title='bbox 1185 1637 1352 1696; x_wconf 79' lang='lat' dir='ltr'><strong>illustrantes</strong></span> <span class='ocrx_word' id='word_1_247' title='bbox 1367 1647 1395 1697; x_wconf 90' lang='lat' dir='ltr'><strong>et</strong></span> <span class='ocrx_word' id='word_1_248' title='bbox 1406 1640 1490 1697; x_wconf 87' lang='lat' dir='ltr'><strong>vitam</strong></span> <span class='ocrx_word' id='word_1_249' title='bbox 1503 1643 1589 1699; x_wconf 87' lang='lat' dir='ltr'><strong>Petri.</strong></span> 
     </span>
    </p>
   </div>
   <div class='ocr_carea' id='block_1_26' title="bbox 1255 1795 1628 1968">
    <p class='ocr_par' dir='ltr' id='par_1_29' title="bbox 1255 1795 1923 1988">
     <span class='ocr_line' id='line_1_56' title="bbox 1350 1795 1533 1849; baseline 0 -1"><span class='ocrx_word' id='word_1_250' title='bbox 1350 1795 1411 1848; x_wconf 85' lang='grc'><strong>373.</strong></span> <span class='ocrx_word' id='word_1_251' title='bbox 1432 1804 1533 1849; x_wconf 77' lang='lat' dir='ltr'><strong>amun.</strong></span> 
     </span>
     <span class='ocr_line' id='line_1_57' title="bbox 1255 1899 1628 1968; baseline 0.015 -18"><span class='ocrx_word' id='word_1_252' title='bbox 1255 1901 1286 1950; x_wconf 91' lang='lat' dir='ltr'><strong>lu</strong></span> <span class='ocrx_word' id='word_1_253' title='bbox 1299 1899 1483 1952; x_wconf 81' lang='lat' dir='ltr'><strong>dormitionem</strong></span> <span class='ocrx_word' id='word_1_254' title='bbox 1497 1902 1628 1968; x_wconf 80' lang='lat' dir='ltr'><strong>Deiperm.</strong></span> 
     </span>
    </p>
   </div>
   <div class='ocr_carea' id='block_1_27' title="bbox 1057 1995 1923 2367">
    <p class='ocr_par' dir='ltr' id='par_1_30' title="bbox 1057 1995 1923 2367">
     <span class='ocr_line' id='line_1_58' title="bbox 1922 1995 1923 2022; baseline 0 0"><span class='ocrx_word' id='word_1_255' title='bbox 1922 1995 1923 2022; x_wconf 87' lang='lat' dir='ltr'><strong>l</strong></span> 
     </span>
     <span class='ocr_line' id='line_1_59' title="bbox 1057 2023 1923 2106; baseline 0.013 -26"><span class='ocrx_word' id='word_1_256' title='bbox 1057 2024 1092 2082; x_wconf 84' lang='lat' dir='ltr'><strong>Et</strong></span> <span class='ocrx_word' id='word_1_257' title='bbox 1105 2023 1231 2098; x_wconf 89' lang='lat' dir='ltr'><strong>spiritum</strong></span> <span class='ocrx_word' id='word_1_258' title='bbox 1242 2026 1342 2101; x_wconf 85' lang='lat' dir='ltr'><strong>pinxit,</strong></span> <span class='ocrx_word' id='word_1_259' title='bbox 1354 2027 1461 2102; x_wconf 87' lang='lat' dir='ltr'><strong>opinor,</strong></span> <span class='ocrx_word' id='word_1_260' title='bbox 1476 2028 1575 2103; x_wconf 81' lang='lat' dir='ltr'><strong>pictor,</strong></span> <span class='ocrx_word' id='word_1_261' title='bbox 1738 2033 1831 2106; x_wconf 76' lang='lat' dir='ltr'><strong>[batz</strong></span> <span class='ocrx_word' id='word_1_262' title='bbox 1922 2043 1923 2052; x_wconf 60' lang='lat'>¹</span> 
     </span>
     <span class='ocr_line' id='line_1_60' title="bbox 1057 2113 1831 2195; baseline 0.013 -27"><span class='ocrx_word' id='word_1_263' title='bbox 1057 2113 1192 2188; x_wconf 88' lang='lat' dir='ltr'><strong>siquidem</strong></span> <span class='ocrx_word' id='word_1_264' title='bbox 1209 2131 1264 2170; x_wconf 92' lang='lat' dir='ltr'><strong>non</strong></span> <span class='ocrx_word' id='word_1_265' title='bbox 1282 2123 1418 2172; x_wconf 90' lang='lat' dir='ltr'><strong>mortuam</strong></span> <span class='ocrx_word' id='word_1_266' title='bbox 1436 2117 1559 2174; x_wconf 89' lang='lat' dir='ltr'><strong>Puellam</strong></span> <span class='ocrx_word' id='word_1_267' title='bbox 1577 2117 1695 2176; x_wconf 83' lang='lat' dir='ltr'><strong>formare</strong></span> <span class='ocrx_word' id='word_1_268' title='bbox 1713 2131 1831 2195; x_wconf 84' lang='lat' dir='ltr'><strong>oporte-</strong></span> 
     </span>
     <span class='ocr_line' id='line_1_61' title="bbox 1057 2201 1793 2279; baseline 0.014 -22"><span class='ocrx_word' id='word_1_269' title='bbox 1057 2201 1205 2275; x_wconf 79' lang='lat' dir='ltr'><strong>sepulture</strong></span> <span class='ocrx_word' id='word_1_270' title='bbox 1219 2206 1314 2260; x_wconf 83' lang='lat' dir='ltr'><strong>aderat</strong></span> <span class='ocrx_word' id='word_1_271' title='bbox 1325 2203 1386 2272; x_wconf 84' lang='lat' dir='ltr'><strong>tibi,</strong></span> <span class='ocrx_word' id='word_1_272' title='bbox 1402 2211 1435 2262; x_wconf 84' lang='lat' dir='ltr'><strong>et</strong></span> <span class='ocrx_word' id='word_1_273' title='bbox 1442 2205 1555 2279; x_wconf 83' lang='lat' dir='ltr'><strong>pieturae</strong></span> <span class='ocrx_word' id='word_1_274' title='bbox 1569 2207 1665 2265; x_wconf 85' lang='lat' dir='ltr'><strong>aderat</strong></span> <span class='ocrx_word' id='word_1_275' title='bbox 1678 2225 1793 2266; x_wconf 89' lang='lat' dir='ltr'><strong>rursum</strong></span> 
     </span>
     <span class='ocr_line' id='line_1_62' title="bbox 1057 2289 1603 2367; baseline 0.013 -22"><span class='ocrx_word' id='word_1_276' title='bbox 1057 2289 1140 2359; x_wconf 86' lang='lat' dir='ltr'><strong>iilius,</strong></span> <span class='ocrx_word' id='word_1_277' title='bbox 1156 2289 1259 2362; x_wconf 83' lang='lat' dir='ltr'><strong>Puella¹</strong></span> <span class='ocrx_word' id='word_1_278' title='bbox 1275 2298 1349 2361; x_wconf 87' lang='lat' dir='ltr'><strong>tuus,</strong></span> <span class='ocrx_word' id='word_1_279' title='bbox 1362 2299 1393 2349; x_wconf 92' lang='lat' dir='ltr'><strong>ut</strong></span> <span class='ocrx_word' id='word_1_280' title='bbox 1406 2309 1478 2360; x_wconf 87' lang='lat' dir='ltr'><strong>reor,</strong></span> <span class='ocrx_word' id='word_1_281' title='bbox 1494 2293 1603 2367; x_wconf 86' lang='lat' dir='ltr'><strong>pictori.</strong></span> 
     </span>
    </p>
   </div>
   <div class='ocr_carea' id='block_1_28' title="bbox 1342 2445 1531 2617">
    <p class='ocr_par' dir='ltr' id='par_1_31' title="bbox 1342 2445 1531 2617">
     <span class='ocr_line' id='line_1_63' title="bbox 1346 2445 1528 2500; baseline -0.016 -1"><span class='ocrx_word' id='word_1_282' title='bbox 1346 2445 1408 2500; x_wconf 80' lang='grc'><strong>377.</strong></span> <span class='ocrx_word' id='word_1_283' title='bbox 1428 2453 1528 2498; x_wconf 82' lang='lat' dir='ltr'><strong>aurun.</strong></span> 
     </span>
     <span class='ocr_line' id='line_1_64' title="bbox 1342 2550 1531 2617; baseline 0.011 -17"><span class='ocrx_word' id='word_1_284' title='bbox 1342 2550 1381 2614; x_wconf 92' lang='lat' dir='ltr'><strong>[ln</strong></span> <span class='ocrx_word' id='word_1_285' title='bbox 1392 2551 1531 2617; x_wconf 79' lang='lat' dir='ltr'><strong>eamdem]</strong></span> 
     </span>
    </p>
   </div>
   <div class='ocr_carea' id='block_1_29' title="bbox 1056 2669 1794 2838">
    <p class='ocr_par' dir='ltr' id='par_1_32' title="bbox 1056 2669 1794 2838">
     <span class='ocr_line' id='line_1_65' title="bbox 1057 2669 1728 2754; baseline 0.015 -28"><span class='ocrx_word' id='word_1_286' title='bbox 1057 2669 1109 2740; x_wconf 83' lang='lat' dir='ltr'><strong>Qui</strong></span> <span class='ocrx_word' id='word_1_287' title='bbox 1124 2672 1250 2746; x_wconf 83' lang='lat' dir='ltr'><strong>spiritum</strong></span> <span class='ocrx_word' id='word_1_288' title='bbox 1262 2680 1348 2744; x_wconf 85' lang='lat' dir='ltr'><strong>tuum,</strong></span> <span class='ocrx_word' id='word_1_289' title='bbox 1364 2682 1392 2732; x_wconf 88' lang='lat' dir='ltr'><strong>et</strong></span> <span class='ocrx_word' id='word_1_290' title='bbox 1402 2693 1513 2733; x_wconf 86' lang='lat' dir='ltr'><strong>manum</strong></span> <span class='ocrx_word' id='word_1_291' title='bbox 1528 2696 1601 2736; x_wconf 88' lang='lat' dir='ltr'><strong>nuno</strong></span> <span class='ocrx_word' id='word_1_292' title='bbox 1615 2681 1728 2754; x_wconf 85' lang='lat' dir='ltr'><strong>pictoris</strong></span> 
     </span>
     <span class='ocr_line' id='line_1_66' title="bbox 1056 2761 1794 2838; baseline 0.014 -21"><span class='ocrx_word' id='word_1_293' title='bbox 1056 2761 1085 2817; x_wconf 95' lang='lat' dir='ltr'><strong>in</strong></span> <span class='ocrx_word' id='word_1_294' title='bbox 1098 2769 1236 2836; x_wconf 75' lang='lat' dir='ltr'><strong>potestate</strong></span> <span class='ocrx_word' id='word_1_295' title='bbox 1251 2762 1346 2832; x_wconf 83' lang='lat' dir='ltr'><strong>habet,</strong></span> <span class='ocrx_word' id='word_1_296' title='bbox 1359 2764 1449 2838; x_wconf 85' lang='lat' dir='ltr'><strong>pinxit</strong></span> <span class='ocrx_word' id='word_1_297' title='bbox 1462 2765 1568 2824; x_wconf 91' lang='lat' dir='ltr'><strong>obitum</strong></span> <span class='ocrx_word' id='word_1_298' title='bbox 1581 2775 1667 2838; x_wconf 88' lang='lat' dir='ltr'><strong>tuum,</strong></span> <span class='ocrx_word' id='word_1_299' title='bbox 1684 2769 1794 2827; x_wconf 80' lang='lat' dir='ltr'><strong>Puella.</strong></span> 
     </span>
    </p>
   </div>
   <div class='ocr_carea' id='block_1_30' title="bbox 1343 2921 1533 3090">
    <p class='ocr_par' dir='ltr' id='par_1_33' title="bbox 1343 2921 1533 3090">
     <span class='ocr_line' id='line_1_67' title="bbox 1349 2921 1531 2976; baseline 0.005 -2"><span class='ocrx_word' id='word_1_300' title='bbox 1349 2921 1411 2976; x_wconf 85' lang='grc'><strong>373.</strong></span> <span class='ocrx_word' id='word_1_301' title='bbox 1431 2927 1531 2975; x_wconf 77' lang='lat' dir='ltr'><strong>aurun</strong></span> 
     </span>
     <span class='ocr_line' id='line_1_68' title="bbox 1343 3025 1533 3090; baseline 0.011 -16"><span class='ocrx_word' id='word_1_302' title='bbox 1343 3025 1381 3089; x_wconf 91' lang='lat' dir='ltr'><strong>[ln</strong></span> <span class='ocrx_word' id='word_1_303' title='bbox 1394 3025 1533 3090; x_wconf 75' lang='lat' dir='ltr'><strong>eamdem]</strong></span> 
     </span>
    </p>
   </div>
   <div class='ocr_carea' id='block_1_31' title="bbox 1055 3139 1925 3403">
    <p class='ocr_par' dir='ltr' id='par_1_34' title="bbox 1055 3139 1925 3403">
     <span class='ocr_line' id='line_1_69' title="bbox 1056 3139 1925 3230; baseline 0.01 -26"><span class='ocrx_word' id='word_1_304' title='bbox 1056 3147 1090 3206; x_wconf 87' lang='lat' dir='ltr'><strong>Et</strong></span> <span class='ocrx_word' id='word_1_305' title='bbox 1102 3149 1237 3223; x_wconf 90' lang='lat' dir='ltr'><strong>quomodo</strong></span> <span class='ocrx_word' id='word_1_306' title='bbox 1252 3157 1360 3207; x_wconf 85' lang='lat' dir='ltr'><strong>mortua</strong></span> <span class='ocrx_word' id='word_1_307' title='bbox 1371 3168 1411 3222; x_wconf 89' lang='lat' dir='ltr'><strong>es,</strong></span> <span class='ocrx_word' id='word_1_308' title='bbox 1427 3169 1509 3225; x_wconf 89' lang='lat' dir='ltr'><strong>quam</strong></span> <span class='ocrx_word' id='word_1_309' title='bbox 1524 3153 1633 3226; x_wconf 84' lang='lat' dir='ltr'><strong>quidem</strong></span> <span class='ocrx_word' id='word_1_310' title='bbox 1647 3154 1689 3212; x_wconf 86' lang='lat' dir='ltr'><strong>vel</strong></span> <span class='ocrx_word' id='word_1_311' title='bbox 1701 3154 1807 3230; x_wconf 81' lang='lat' dir='ltr'><strong>pictam</strong></span> <span class='ocrx_word' id='word_1_312' title='bbox 1924 3139 1925 3186; x_wconf 74' lang='lat'><em>3</em></span> 
     </span>
     <span class='ocr_line' id='line_1_70' title="bbox 1055 3236 1686 3314; baseline 0.01 -22"><span class='ocrx_word' id='word_1_313' title='bbox 1055 3236 1148 3294; x_wconf 85' lang='lat' dir='ltr'><strong>videre</strong></span> <span class='ocrx_word' id='word_1_314' title='bbox 1158 3238 1280 3294; x_wconf 86' lang='lat' dir='ltr'><strong>videmur</strong></span> <span class='ocrx_word' id='word_1_315' title='bbox 1294 3240 1550 3314; x_wconf 83' lang='lat' dir='ltr'><strong>semper-virentem</strong></span> <span class='ocrx_word' id='word_1_316' title='bbox 1565 3242 1686 3300; x_wconf 80' lang='lat' dir='ltr'><strong>Puellam</strong></span> 
     </span>
     <span class='ocr_line' id='line_1_71' title="bbox 1055 3327 1585 3403; baseline 0.009 -22"><span class='ocrx_word' id='word_1_317' title='bbox 1055 3343 1109 3382; x_wconf 92' lang='lat' dir='ltr'><strong>non</strong></span> <span class='ocrx_word' id='word_1_318' title='bbox 1121 3345 1184 3383; x_wconf 86' lang='lat' dir='ltr'><strong>rere</strong></span> <span class='ocrx_word' id='word_1_319' title='bbox 1199 3327 1368 3396; x_wconf 88' lang='lat' dir='ltr'><strong>morientem,</strong></span> <span class='ocrx_word' id='word_1_320' title='bbox 1384 3328 1433 3384; x_wconf 89' lang='lat' dir='ltr'><strong>sed</strong></span> <span class='ocrx_word' id='word_1_321' title='bbox 1447 3329 1585 3403; x_wconf 81' lang='lat' dir='ltr'><strong>sopitam?</strong></span> 
     </span>
    </p>
   </div>
   <div class='ocr_carea' id='block_1_32' title="bbox 1341 3481 1542 3638">
    <p class='ocr_par' dir='ltr' id='par_1_35' title="bbox 1341 3481 1542 3638">
     <span class='ocr_line' id='line_1_72' title="bbox 1349 3481 1530 3534; baseline 0 0"><span class='ocrx_word' id='word_1_322' title='bbox 1349 3481 1410 3534; x_wconf 84' lang='grc'><strong>379.</strong></span> <span class='ocrx_word' id='word_1_323' title='bbox 1429 3489 1530 3534; x_wconf 70' lang='lat' dir='ltr'><strong>amun.</strong></span> 
     </span>
     <span class='ocr_line' id='line_1_73' title="bbox 1341 3585 1542 3638; baseline 0.015 -3"><span class='ocrx_word' id='word_1_324' title='bbox 1341 3585 1372 3635; x_wconf 92' lang='lat' dir='ltr'><strong>In</strong></span> <span class='ocrx_word' id='word_1_325' title='bbox 1389 3585 1542 3638; x_wconf 85' lang='lat' dir='ltr'><strong>turibulum.</strong></span> 
     </span>
    </p>
   </div>
   <div class='ocr_carea' id='block_1_33' title="bbox 1054 3707 1801 3869">
    <p class='ocr_par' dir='ltr' id='par_1_36' title="bbox 1054 3707 1801 3869">
     <span class='ocr_line' id='line_1_74' title="bbox 1054 3707 1801 3786; baseline 0.009 -23"><span class='ocrx_word' id='word_1_326' title='bbox 1054 3708 1095 3764; x_wconf 90' lang='lat' dir='ltr'><strong>Ne</strong></span> <span class='ocrx_word' id='word_1_327' title='bbox 1108 3707 1199 3782; x_wconf 81' lang='lat' dir='ltr'><strong>ignem</strong></span> <span class='ocrx_word' id='word_1_328' title='bbox 1211 3707 1363 3766; x_wconf 83' lang='lat' dir='ltr'><strong>accendas:</strong></span> <span class='ocrx_word' id='word_1_329' title='bbox 1380 3726 1485 3779; x_wconf 83' lang='lat' dir='ltr'><strong>aurum,</strong></span> <span class='ocrx_word' id='word_1_330' title='bbox 1501 3717 1656 3786; x_wconf 82' lang='lat' dir='ltr'><strong>argeutum,</strong></span> <span class='ocrx_word' id='word_1_331' title='bbox 1671 3730 1801 3786; x_wconf 80' lang='lat' dir='ltr'><strong>gemmae,</strong></span> 
     </span>
     <span class='ocr_line' id='line_1_75' title="bbox 1054 3795 1704 3869; baseline 0.011 -19"><span class='ocrx_word' id='word_1_332' title='bbox 1054 3795 1207 3869; x_wconf 80' lang='lat' dir='ltr'><strong>fulgoribus</strong></span> <span class='ocrx_word' id='word_1_333' title='bbox 1222 3803 1314 3865; x_wconf 91' lang='lat' dir='ltr'><strong>urunt,</strong></span> <span class='ocrx_word' id='word_1_334' title='bbox 1330 3796 1389 3853; x_wconf 89' lang='lat' dir='ltr'><strong>sine</strong></span> <span class='ocrx_word' id='word_1_335' title='bbox 1403 3797 1579 3869; x_wconf 85' lang='lat' dir='ltr'><strong>carbonibus,</strong></span> <span class='ocrx_word' id='word_1_336' title='bbox 1594 3799 1704 3858; x_wconf 87' lang='lat' dir='ltr'><strong>odores.</strong></span> 
     </span>
    </p>
   </div>
   <div class='ocr_carea' id='block_1_34' title="bbox 1349 3947 1531 4122">
    <p class='ocr_par' dir='ltr' id='par_1_37' title="bbox 1349 3947 1531 4122">
     <span class='ocr_line' id='line_1_76' title="bbox 1349 3947 1531 4004; baseline 0 -2"><span class='ocrx_word' id='word_1_337' title='bbox 1349 3947 1410 4004; x_wconf 83' lang='grc'><strong>380.</strong></span> <span class='ocrx_word' id='word_1_338' title='bbox 1430 3957 1531 4002; x_wconf 74' lang='lat' dir='ltr'><strong>aurun.</strong></span> 
     </span>
     <span class='ocr_line' id='line_1_77' title="bbox 1366 4054 1507 4122; baseline 0 -16"><span class='ocrx_word' id='word_1_339' title='bbox 1366 4054 1507 4122; x_wconf 65' lang='lat' dir='ltr'><strong>[inrum]</strong></span> 
     </span>
    </p>
   </div>
   <div class='ocr_carea' id='block_1_35' title="bbox 1052 4181 1710 4348">
    <p class='ocr_par' dir='ltr' id='par_1_38' title="bbox 1052 4181 1710 4348">
     <span class='ocr_line' id='line_1_78' title="bbox 1052 4181 1537 4254; baseline 0.004 -14"><span class='ocrx_word' id='word_1_340' title='bbox 1052 4181 1166 4240; x_wconf 87' lang='lat' dir='ltr'><strong>Oculum</strong></span> <span class='ocrx_word' id='word_1_341' title='bbox 1177 4181 1303 4254; x_wconf 81' lang='lat' dir='ltr'><strong>materia,</strong></span> <span class='ocrx_word' id='word_1_342' title='bbox 1319 4181 1453 4240; x_wconf 88' lang='lat' dir='ltr'><strong>rationem</strong></span> <span class='ocrx_word' id='word_1_343' title='bbox 1467 4191 1537 4253; x_wconf 81' lang='lat' dir='ltr'><strong>erto,</strong></span> 
     </span>
     <span class='ocr_line' id='line_1_79' title="bbox 1052 4271 1710 4348; baseline 0.003 -20"><span class='ocrx_word' id='word_1_344' title='bbox 1052 4271 1157 4330; x_wconf 84' lang='lat' dir='ltr'><strong>delente</strong></span> <span class='ocrx_word' id='word_1_345' title='bbox 1170 4277 1262 4330; x_wconf 84' lang='lat' dir='ltr'><strong>autem</strong></span> <span class='ocrx_word' id='word_1_346' title='bbox 1277 4289 1387 4330; x_wconf 89' lang='lat' dir='ltr'><strong>sensum</strong></span> <span class='ocrx_word' id='word_1_347' title='bbox 1400 4273 1485 4330; x_wconf 90' lang='lat' dir='ltr'><strong>odore</strong></span> <span class='ocrx_word' id='word_1_348' title='bbox 1499 4281 1710 4348; x_wconf 84' lang='lat' dir='ltr'><strong>unguentorum.</strong></span> 
     </span>
    </p>
   </div>
   <div class='ocr_carea' id='block_1_36' title="bbox 1352 4425 1533 4587">
    <p class='ocr_par' dir='ltr' id='par_1_39' title="bbox 1352 4425 1533 4587">
     <span class='ocr_line' id='line_1_80' title="bbox 1352 4425 1533 4479; baseline -0.017 -1"><span class='ocrx_word' id='word_1_349' title='bbox 1352 4425 1413 4479; x_wconf 85' lang='grc'><strong>337.</strong></span> <span class='ocrx_word' id='word_1_350' title='bbox 1433 4432 1533 4476; x_wconf 71' lang='lat' dir='ltr'><strong>iarun.</strong></span> 
     </span>
     <span class='ocr_line' id='line_1_81' title="bbox 1363 4519 1504 4587; baseline -0.007 -16"><span class='ocrx_word' id='word_1_351' title='bbox 1363 4521 1402 4586; x_wconf 92' lang='lat' dir='ltr'><strong>[In</strong></span> <span class='ocrx_word' id='word_1_352' title='bbox 1414 4519 1504 4587; x_wconf 76' lang='lat' dir='ltr'><strong>idem]</strong></span> 
     </span>
    </p>
   </div>
   <div class='ocr_carea' id='block_1_37' title="bbox 1052 4646 1760 4816">
    <p class='ocr_par' dir='ltr' id='par_1_40' title="bbox 1052 4646 1760 4816">
     <span class='ocr_line' id='line_1_82' title="bbox 1052 4646 1692 4722; baseline -0.003 -16"><span class='ocrx_word' id='word_1_353' title='bbox 1052 4649 1188 4706; x_wconf 88' lang='lat' dir='ltr'><strong>Sensuum</strong></span> <span class='ocrx_word' id='word_1_354' title='bbox 1202 4655 1259 4706; x_wconf 90' lang='lat' dir='ltr'><strong>tres</strong></span> <span class='ocrx_word' id='word_1_355' title='bbox 1272 4664 1342 4722; x_wconf 84' lang='lat' dir='ltr'><strong>opus</strong></span> <span class='ocrx_word' id='word_1_356' title='bbox 1354 4665 1437 4704; x_wconf 91' lang='lat' dir='ltr'><strong>unum</strong></span> <span class='ocrx_word' id='word_1_357' title='bbox 1451 4646 1569 4705; x_wconf 85' lang='lat' dir='ltr'><strong>delectat</strong></span> <span class='ocrx_word' id='word_1_358' title='bbox 1580 4647 1669 4722; x_wconf 80' lang='lat' dir='ltr'><strong>magis</strong></span> <span class='ocrx_word' id='word_1_359' title='bbox 1685 4665 1692 4704; x_wconf 92' lang='lat'>:</span> 
     </span>
     <span class='ocr_line' id='line_1_83' title="bbox 1052 4737 1760 4816; baseline 0.001 -18"><span class='ocrx_word' id='word_1_360' title='bbox 1052 4741 1181 4810; x_wconf 86' lang='lat' dir='ltr'><strong>Trinitas,</strong></span> <span class='ocrx_word' id='word_1_361' title='bbox 1195 4747 1224 4798; x_wconf 92' lang='lat' dir='ltr'><strong>te</strong></span> <span class='ocrx_word' id='word_1_362' title='bbox 1238 4739 1353 4816; x_wconf 86' lang='lat' dir='ltr'><strong>primam</strong></span> <span class='ocrx_word' id='word_1_363' title='bbox 1367 4747 1569 4814; x_wconf 80' lang='lat' dir='ltr'><strong>unguentorum</strong></span> <span class='ocrx_word' id='word_1_364' title='bbox 1582 4737 1760 4799; x_wconf 79' lang='lat' dir='ltr'><strong>sacrificium.</strong></span> 
     </span>
    </p>
   </div>
   <div class='ocr_carea' id='block_1_38' title="bbox 1340 4893 1526 5056">
    <p class='ocr_par' dir='ltr' id='par_1_41' title="bbox 1340 4893 1526 5056">
     <span class='ocr_line' id='line_1_84' title="bbox 1340 4893 1526 4948; baseline -0.032 -2"><span class='ocrx_word' id='word_1_365' title='bbox 1340 4893 1402 4948; x_wconf 80' lang='lat'><strong>382.</strong></span> <span class='ocrx_word' id='word_1_366' title='bbox 1422 4899 1526 4942; x_wconf 74' lang='lat' dir='ltr'><strong>aurun.</strong></span> 
     </span>
     <span class='ocr_line' id='line_1_85' title="bbox 1363 4989 1506 5056; baseline 0 -16"><span class='ocrx_word' id='word_1_367' title='bbox 1363 4991 1402 5056; x_wconf 90' lang='lat' dir='ltr'><strong>[ln</strong></span> <span class='ocrx_word' id='word_1_368' title='bbox 1416 4989 1506 5054; x_wconf 76' lang='lat' dir='ltr'><strong>idem]</strong></span> 
     </span>
    </p>
   </div>
   <div class='ocr_carea' id='block_1_39' title="bbox 1052 5117 1680 5276">
    <p class='ocr_par' dir='ltr' id='par_1_42' title="bbox 1052 5117 1680 5276">
     <span class='ocr_line' id='line_1_86' title="bbox 1052 5117 1680 5194; baseline 0 -18"><span class='ocrx_word' id='word_1_369' title='bbox 1052 5121 1171 5176; x_wconf 81' lang='lat' dir='ltr'><strong>Parrum</strong></span> <span class='ocrx_word' id='word_1_370' title='bbox 1185 5136 1256 5194; x_wconf 89' lang='lat' dir='ltr'><strong>epus</strong></span> <span class='ocrx_word' id='word_1_371' title='bbox 1265 5118 1385 5175; x_wconf 91' lang='lat' dir='ltr'><strong>omnium</strong></span> <span class='ocrx_word' id='word_1_372' title='bbox 1400 5134 1501 5191; x_wconf 79' lang='lat' dir='ltr'><strong>magna</strong></span> <span class='ocrx_word' id='word_1_373' title='bbox 1514 5117 1606 5191; x_wconf 82' lang='lat' dir='ltr'><strong>imago</strong></span> <span class='ocrx_word' id='word_1_374' title='bbox 1620 5123 1680 5184; x_wconf 73' lang='lat' dir='ltr'><strong>eet:</strong></span> 
     </span>
     <span class='ocr_line' id='line_1_87' title="bbox 1052 5200 1658 5276; baseline -0.002 -16"><span class='ocrx_word' id='word_1_375' title='bbox 1052 5203 1138 5260; x_wconf 76' lang='lat' dir='ltr'><strong>aether</strong></span> <span class='ocrx_word' id='word_1_376' title='bbox 1152 5209 1191 5261; x_wconf 85' lang='lat' dir='ltr'><strong>eat</strong></span> <span class='ocrx_word' id='word_1_377' title='bbox 1210 5220 1315 5274; x_wconf 86' lang='lat' dir='ltr'><strong>aurum,</strong></span> <span class='ocrx_word' id='word_1_378' title='bbox 1331 5210 1486 5276; x_wconf 81' lang='lat' dir='ltr'><strong>argentum,</strong></span> <span class='ocrx_word' id='word_1_379' title='bbox 1501 5201 1557 5271; x_wconf 85' lang='lat' dir='ltr'><strong>lux,</strong></span> <span class='ocrx_word' id='word_1_380' title='bbox 1573 5200 1658 5276; x_wconf 86' lang='lat' dir='ltr'><strong>lapilli</strong></span> 
     </span>
    </p>
   </div>
   <div class='ocr_carea' id='block_1_40' title="bbox 0 0 1938 6016">
    <p class='ocr_par' dir='ltr' id='par_1_43' title="bbox 0 0 1938 6016">
     <span class='ocr_line' id='line_1_88' title="bbox 0 0 1938 6016; baseline 0 2"><span class='ocrx_word' id='word_1_381' title='bbox 0 0 1938 6016; x_wconf 95' lang='lat' dir='ltr'><strong> </strong></span> 
     </span>
    </p>
   </div>
  </div>
 </body>
</html>
