3866 6016
620 428 659 488 IN
681 425 807 488 CAPUT
826 427 867 488 111
887 427 1118 490 ΑΝΝΟΤΑΤΙΟ.
1608 431 1664 490 365

88 566 140 614 ὅθεν
152 562 194 612 καλ
209 561 305 623 ἐλέγετο
319 558 356 610 ίπ·
373 557 451 609 αὐτού
469 559 511 608 θπ·
538 559 695 624 Ἀρίστωνος·
718 558 849 622 Πρόσθε...
905 573 965 610 raro
977 558 1036 610 aliie
1049 557 1099 610 diis
1113 558 1208 610 Iactum
1222 573 1272 622 est,
1288 567 1317 611 ut
1332 558 1360 610 in
1374 559 1423 612 Dei
1437 559 1529 610 localis
1543 559 1616 610 Beeee
1631 559 1664 610 si-

88 631 133 679 Est
148 635 174 678 et
188 627 215 678 in
228 625 299 676 Sexti
308 623 408 692 limpir.
423 625 518 689 Ρμιτίε.
539 625 650 690 liupolt.
660 624 681 682 l,
696 627 727 674 33
739 639 747 675 t
764 627 850 676 ΙἘνθιν
904 626 1050 675 mulacrum
1062 639 1108 674 vas
1120 626 1250 690 quoddam
1262 627 1415 692 tingeretur,
1428 625 1469 676 cui
1482 627 1549 676 hanc
1564 627 1596 676 ob
1610 640 1666 675 rem

88 695 179 744 καὶτὸν
198 694 342 757 Ἀρίστωνος
361 691 436 741 εἰπεῖν
449 691 505 755 περί
518 691 605 740 αὐτοῦ·
624 690 754 754 Πρόσθε...
767 691 807 740 διὰ
822 691 851 739 ab
905 691 974 741 idem
987 706 1019 742 ac
1032 692 1081 742 deo
1095 689 1206 741 inditum
1223 692 1273 742 suit
1286 707 1390 742 nornen.
1406 691 1466 742 Vid.
1481 691 1554 742 HIer.
1570 691 1663 742 Boech.

87 761 257 825 προσχρῆσθαι
271 763 299 821 τῇ
313 757 449 821 διαλεκτικῇ
465 763 494 820 τῇ
515 759 579 806 κατὰ
591 755 633 804 τὸν
645 757 776 818 Διόδωρον·
790 749 852 806 εἶναι
907 756 976 808 Obaa.
990 761 1016 808 et
1029 757 1102 808 Note.
1118 757 1154 808 ad
1167 758 1246 808 anth.
1263 773 1305 823 9ο.
1318 765 1338 808 t.
1353 758 1398 816 1v‚
1413 773 1440 822 p.
1455 759 1511 808 136.
1531 783 1562 794 -
1577 758 1623 806 Vs.
1642 758 1661 806 1.

88 827 112 874 tt
131 825 249 888 ἀντικρὺς
264 823 432 874 Πλατωνικὸν.
446 822 521 880 Quod
536 828 617 872 veter.
631 819 706 872 editt.
721 822 854 872 habebant
906 823 1028 882 Casaub.,
1043 823 1150 886 ίιμίνου,
1162 823 1233 874 Scal.
1247 824 1383 890 ᾲτεομὲνου
1394 823 1436 888 (ί),
1446 823 1560 876 Salmae.
1571 823 1665 887 οίγσειέ·

89 890 154 942 iaris
174 891 201 940 at
218 888 335 939 correxit
349 888 369 938 1.
389 888 569 946 Caecubonus,
588 893 674 938 metro
693 887 850 964 postulante.
905 906 958 938 νου.
972 889 1057 940 -Vs.
1068 891 1094 938 5.
1106 889 1218 940 Casauh.
1227 891 1343 954 γε’γωνεν.
1355 916 1386 926 -
1395 889 1442 939 Vs.
1457 891 1481 939 θ.
1495 888 1531 939 id.
1542 889 1662 942 adiuvet

89 963 163 1022 atque
184 971 221 1005 exv
236 952 345 1004 Homeri
368 968 446 1004 versu
463 953 491 1003 in
515 953 671 1003 Chimaeram
685 955 724 1020 (ιιι
743 952 852 1004 Hesiodi
907 982 937 992 -
950 955 997 1005 Vs.
1010 956 1035 1004 l.
1051 955 1164 1006 casaub.
1178 955 1271 1013 οκοῑος,
1286 955 1399 1006 Salmas.
1417 957 1513 1005 ὁποῖον.
1533 974 1546 1001 ο
1560 953 1625 1004 Haec
1636 951 1668 1003 de

91 1023 180 1086 Theop.
194 1020 309 1072 absurde
323 1019 491 1085 interpolato)
506 1034 512 1068 :

116 1120 209 1186 πρόσθε
222 1121 297 1176 λέων,
309 1119 392 1169 ύπιθεν
409 1118 435 1167 tt
449 1118 558 1184 δράκων,
574 1117 653 1182 μέσση
670 1117 696 1167 bl
707 1117 819 1186 χίμαιρα.

120 1257 211 1309 LXIII.
224 1259 263 1309 Hx
280 1259 419 1318 Strabone,
431 1259 500 1320 XIV,
516 1274 534 1318 1,
551 1259 592 1320 18,
604 1258 659 1310 sive
673 1275 704 1308 ex
717 1256 855 1311 Eustatbio

91 1326 122 1375 ad
131 1324 208 1375 ltind.
221 1325 254 1375 B.
268 1341 294 1390 p.
307 1327 366 1375 230.
379 1325 497 1376 Hehetur
510 1323 590 1375 etiam
600 1339 644 1390 ap.
652 1325 726 1375 Sext.
740 1324 854 1390 Empiri-

91 1405 146 1440 oum
163 1389 234 1441 Adv.
257 1393 398 1456 ρναυιπεοί.
415 1391 436 1448 Ι,
454 1392 479 1452 2,
499 1405 526 1456 p.
543 1391 591 1441 225
610 1397 637 1441 et
655 1389 683 1440 In
699 1390 806 1442 scholiis
827 1389 855 1441 in

92 1454 207 1519 Dionysii
220 1455 334 1506 Thracis
348 1457 554 1508 Grammatimm
569 1471 595 1520 p.
607 1457 657 1506 '12⁸
667 1457 711 1520 (σί.
725 1473 752 1521 p.
768 1458 816 1507 855
830 1463 857 1507 et

92 1522 157 1586 125).
165 1521 310 1586 Repetiere
318 1521 403 1584 multi,
414 1522 529 1572 Βειιοοίι.
537 1522 615 1572 Attal.
628 1523 650 1583 l,
662 1523 739 1581 tota,
748 1523 854 1573 Jacobs.

91 1587 207 1652 Append.
215 1587 357 1652 Epipalb.
365 1588 521 1640 Boiesonad.
529 1586 554 1636 in
566 1587 728 1640 callimacho
737 1603 763 1653 p.
775 1590 817 1648 37,
826 1589 855 1648 ς’,

93 1651 150 1716 (vid.
163 1653 262 1718 notul.)
275 1673 289 1700 ιι
302 1655 402 1704 Poema
409 1654 441 1704 de
453 1651 580 1704 OEchalite
590 1653 733 1715 eversione,
741 1655 857 1721 θίχαλίος

94 1721 215 1778 Ἀλωσες,
243 1717 367 1784 loquitur.
386 1737 399 1764 ε
421 1745 451 1757 -
470 1719 518 1770 Vs.
541 1721 565 1772 1.
585 1719 703 1771 Jacobsii
728 1721 855 1786 exemplo,

93 1784 173 1834 schol.
188 1783 218 1834 in
234 1784 342 1848 Dionys.
362 1785 458 1836 Thrae.
477 1783 620 1836 lectionem
629 1785 768 1846 dedimns;
783 1787 856 1837 Stra·

94 1851 142 1900 bon
162 1855 190 1899 et
204 1849 359 1901 Eustathius
379 1858 406 1902 et
420 1849 480 1902 inde
502 1849 608 1902 Grotius
632 1849 677 1902 τού
700 1853 794 1918 Σαμίου
809 1867 856 1917 ρεο

94 1915 247 1981 Κρεωφύλου
259 1916 376 1978 habam
393 1916 421 1967 in
443 1916 495 1966 line
514 1931 606 1968 tarsus
630 1915 709 1967 iidem
729 1918 855 1984 Ὅμηρον,

94 1981 184 2030 Sextus
199 1979 295 2040 ἀοιδὸν,
308 1997 384 2046 quem
396 1981 480 2034 secuti
493 1997 593 2034 sumus.
602 2009 633 2022 -
647 1983 694 2033 Vs.
709 1984 734 2033 2.
749 1983 857 2034 Homeri

95 2046 272 2112 aCreophylo
285 2046 400 2114 hospitio
423 2048 522 2112 excepti
543 2047 663 2098 meminit
681 2055 778 2114 praeter
791 2049 858 2099 alios

95 2111 241 2162 lamblicus
258 2113 400 2180 Pythagor.
415 2114 462 2164 vit.
475 2113 662 2165 xl.-Vs.t.«
677 2113 722 2165 Ait
736 2113 857 2166 Gallina-

95 2179 155 2227 chus
167 2193 274 2243 magnae
286 2180 336 2230 hoc
345 2178 438 2244 gloriae
450 2193 507 2230 esee
519 2179 675 2245 Creophylo,
701 2179 752 2231 uod
764 2195 859 2244 poema

96 2243 149 2307 ejus
163 2243 282 2294 Homero
291 2252 415 2312 tanquam
427 2245 529 2296 auctori
544 2245 683 2296 tribuatur.
745 2245 856 2297 tathius:

95 2310 128 2357 διὸ
146 2309 188 2358 καί
212 2309 371 2378 Καλλίμαχοι
385 2311 563 2369 bactriacen
582 2312 732 2378 Κρεώφυλος
754 2313 858 2378 Ὁμήρῳ

96 2375 251 2438 ἐπονομάσας
270 2379 299 2426 τὸ
320 2380 424 2444 ποίημα,
447 2377 477 2428 ού
494 2377 537 2426 τὸν
554 2379 680 2442 Ὀμηρον,
702 2375 753 2428 ἀλλ’
771 2378 858 2429 ἐαυτὸν

97 2441 236 2503 ἐσέμνυνεν,
249 2442 283 2498 ὥς
293 2445 364 2505 δῆθεν
378 2447 535 2510 θμηρίζοντα.
555 2462 567 2488 ν
581 2443 685 2496 Fabrio.

128 2571 222 2622 LXIV.
244 2571 314 2622 Plut.
336 2572 375 2622 De
399 2572 501 2624 Dedal.
526 2573 673 2636 Piotaeertai,
697 2574 793 2640 fragm.
813 2590 857 2642 ap.

98 2637 189 2687 Euseb.
218 2639 302 2704 Praep.
329 2637 429 2703 Fcnnq.
452 2639 497 2700 lll,
530 2641 554 2699 θ,
582 2643 606 2690 1.
632 2668 661 2677 -
686 2641 857 2692 Plut.-Didot.

100 2713 116 2750 t
130 2703 165 2752 IV
176 2719 204 2768 p.
222 2705 302 2752 2u-
312 2703 345 2754 V.
359 2703 394 2754 cl.
407 2704 557 2768 Sdgtrierde
569 2705 765 2757 Saint·Brieson
780 2707 859 2770 (trad.

98 2769 127 2817 Ir.
134 2768 165 2818 de
172 2769 201 2819 la
208 2770 333 2845 Proper.
342 2775 363 2818 t.
374 2769 429 2836 I,p.
442 2771 631 2836 10³,mteltigit
637 2773 701 2834 ίδοτ,
711 2793 724 2819 ε
736 2773 817 2823 hedos
833 2792 857 2830 ν,

98 2834 237 2886 Sedentem
264 2833 417 2900 imaginem,
442 2843 469 2886 et
494 2838 575 2887 verba
599 2852 650 2887 vss.
676 2839 730 2898 1-2,
749 2839 800 2890 ἀλλ’
821 2839 860 2888 lat

99 2903 218 2963 τεθμὸν...
242 2895 308 2961 ἦσθα
327 2901 396 2958 σανίς
416 2901 449 2952 ad
471 2902 601 2954 Iunonem
619 2903 753 2968 pertinere
773 2911 857 2971 putet,

99 2965 227 3032 vertitque
247 2981 255 3016 t
272 2987 285 3014 ι
303 2966 324 3016 0
343 2965 451 3026 deesse,
466 2983 531 3019 noue
549 2967 640 3020 n'e'tiea
659 2969 860 3022 anciennetnent

100 3032 189 3096 qu'une
203 3032 317 3098 planch0
327 3047 380 3082 nnn
394 3033 520 3100 sculptae.
541 3053 554 3080 ν

131 3163 211 3214 LXV.
229 3161 306 3228 Apud
330 3163 501 3216 Plutarchum
520 3165 549 3216 in
570 3164 667 3218 Δπίοο.
686 3165 766 3216 LXX.
787 3166 861 3218 Bois·

103 3229 203 3281 souadii
224 3228 460 3295 interpnpctionem
473 3229 630 3296 recepimus.
659 3233 765 3297 Vulgo:
792 3235 859 3284 uua

101 3293 422 3372 πίρελθε,ρ1μώζεινείπας
442 3297 528 3357 πολλά,
540 3297 644 3372 πάρελθε
660 3298 743 3373 μόνον.
767 3299 861 3349 Excer

103 3371 151 3436 part
164 3361 439 3438 versibusque-latinis
457 3362 861 3440 transtulithcpddlrrechlinus

102 3427 418 3560 pppuasfipllrllrcrplalplpppparp)
417 3428 498 3544 1ριλριίίῃ
506 3429 859 3496 Stephanormpressalhll,

132 3623 224 3674 LXVI.
243 3624 300 3674 Hoc
326 3623 524 3690 epigrammatis
542 3625 717 3692 fragmentum
734 3637 775 3678 est
793 3629 863 3692 apud

104 3689 174 3740 Stob.
193 3689 235 3739 tit.
252 3689 391 3753 LXXVIII,
401 3693 511 3742 I.-Vs.
522 3694 545 3742 l.
556 3692 635 3758 Vulg.
647 3693 776 3756 ὁμήλικες
790 3693 863 3744 Bois·

104 3755 227 3806 soneditts
242 3771 273 3804 ex
296 3757 354 3805 cod.
370 3756 502 3808 Gaisiord.
521 3759 657 3820 συνήλικες,
668 3760 737 3824 quod
749 3759 805 3825 jam
823 3759 863 3809 in-

105 3829 211 3872 venerat
235 3821 269 3871 ad
288 3822 431 3886 Tryphiod.
447 3823 613 3874 Verniclsius.
631 3851 660 3862 -
677 3825 724 3874 Vs.
737 3828 761 3874 2.
781 3826 860 3890 Vulg.

105 3886 547 3948 inultaemendaritBoissonadius.
556 3887 599 3940 Sic
604 3888 863 3943 tertitFrischlinus:

149 3990 280 4055 AEqnalee
294 3990 358 4055 agni
371 3991 419 4043 tibi
436 3999 506 4052 ennt,
530 4007 603 4058 puer,
619 3999 646 4044 et
660 3995 725 4045 socii
740 3996 812 4060 agni,

178 4056 208 4105 in
220 4070 300 4122 grege
307 4069 315 4118 ;
330 4072 441 4123 cumque
453 4059 542 4110 herbis
553 4059 643 4110 daulia
656 4060 813 4112 mixta‘tuis.

135 4187 240 4238 LXVII.
254 4188 292 4238 Ex
310 4187 446 4251 Athenaeo,
460 4191 506 4249 XI,
520 4207 547 4256 p.
564 4193 611 4242 197
629 4191 662 4250 D,
675 4192 706 4242 H.
725 4192 828 4247 Ἡδύλος
841 4191 865 4243 t.

107 4252 273 4320 ίπιγράμμασι
287 4255 341 4330 περί
355 4261 400 4305 τοῦ
415 4259 656 4313 κατασκευασθέντος
668 4258 716 4306 had
733 4259 865 4316 Κτησιύίον

107 4319 865 4453 2⁰⁰.””².“”tt⁰ll,⁶l:.tl.tl“tltltltiilttistt

108 4457 173 4502 aunt.
187 4477 220 4488 —
236 4451 283 4500 Vs.
300 4453 324 4500 2.
343 4451 442 4517 Scalig.
463 4455 560 4516 είθυίης,
575 4455 687 4506 casaub.
705 4455 790 4512 εἰδείης
802 4455 823 4504 d·
838 4449 865 4508 εί

108 4518 128 4564 τί
138 4519 164 4566 tt
178 4516 258 4576 τ’Ἆρ.
271 4517 409 4568 Walchen.
422 4521 525 4580 ίππείης,
540 4521 667 4586 probante
681 4519 822 4583 Brunoltio,
835 4537 866 4571 ex

108 4581 219 4645 Hesych.
240 4583 330 4642 Ἱππία,
357 4586 475 4651 Ἀρσινόη,
491 4589 507 4645 ἡ
522 4585 567 4636 τοῦ
583 4587 733 4645 Φιλαδελοον
749 4589 819 4650 γυνή.
835 4614 865 4625 -

107 4645 150 4697 Vs.
164 4649 190 4699 3.
205 4667 219 4696 ι
233 4646 280 4698 Ait
291 4649 412 4714 poculum
424 4651 474 4702 hoc
486 4653 555 4717 quod
568 4651 656 4703 Graeci
670 4651 716 4704 alii
731 4654 804 4719 ῥυτὸν
819 4667 865 4718 ap·

108 4715 216 4776 pellant,
227 4713 382 4780 AEgyptium
391 4731 449 4767 esse
460 4719 547 4782 βῆσαν.
555 4718 597 4770 lta
605 4719 748 4770 vocabatur
758 4720 868 4769 Alexan·

109 4779 169 4830 driae
184 4793 268 4855 genus
297 4779 375 4831 otorii
388 4782 468 4844 vasis,
484 4784 552 4848 qnod
564 4784 591 4834 in
608 4785 756 4850 fragmento
772 4784 867 4850 cepitis

109 4852 194 4907 qtmrtr
211 4844 251 4895 ita
286 4847 448 4898 eeoribitur:
468 4851 537 4910 Βῆσα
555 4851 626 4914 (Iort.
642 4851 732 4915 Βήοστ)
748 4853 865 4916 ποτήριον

907 1019 980 1070 sistri
993 1020 1097 1071 invento
1111 1019 1300 1086 interpretatur
1314 1019 1428 1072 cuaub.
1439 1019 1481 1070 vix
1495 1025 1567 1086 apte.
1583 1037 1596 1064 a
1612 1019 1666 1069 Jac.

906 1113 939 1124 —
950 1087 997 1136 Vs.
1011 1087 1035 1136 8.
1049 1085 1148 1152 scalig.
1161 1086 1268 1137 ἀδύτων.

939 1217 1055 1268 LXVIII.
1069 1217 1148 1284 Apud
1164 1217 1261 1268 Athen.
1279 1217 1312 1278 Π,
1330 1223 1394 1268 sect.
1413 1216 1439 1276 t,
1452 1231 1479 1282 p.
1497 1217 1528 1268 33
1542 1230 1549 1264 ι
1565 1215 1629 1266 κατὰ
1642 1213 1669 1262 et

907 1283 949 1332 ebt
961 1284 1101 1347 Κυρηναῖον
1112 1287 1226 1344 ποιητὴν,
1236 1277 1311 1340 Οῑνθς
1321 1300 1358 1334 εοε
1366 1301 1392 1333 κ.
1405 1299 1429 1334 τ.
1441 1285 1465 1333 λ.
1475 1289 1502 1332 et
1513 1281 1583 1348 apud
1594 1281 1668 1331 Stob.

908 1348 1029 1416 Florilsy.
1044 1350 1137 1410 XVIII,
1150 1350 1207 1412 περὶ
1224 1349 1353 1415 ἀκρασίας,
1367 1363 1427 1399 cum
1444 1349 1495 1400 hac
1509 1345 1642 1420 mentione
1659 1361 1665 1371 ·

916 1417 1115 1478 Ἐρατοσθένους.
1132 1443 1162 1454 -
1179 1416 1225 1466 Vs.
1242 1418 1265 1465 1.
1280 1415 1354 1466 Grot.
1368 1415 1404 1478 τῷ
1418 1429 1478 1465 cum
1493 1421 1557 1465 uota
1575 1427 1582 1462 ε
1602 1432 1615 1459 ο
1631 1418 1668 1460 ita

909 1478 973 1531 citat
990 1480 1136 1544 Hesychius
1154 1480 1182 1531 in
1200 1495 1263 1532 voce
1281 1481 1468 1546 capitiarium.
1488 1499 1500 1527 a
1522 1507 1552 1518 -
1574 1479 1621 1528 Vs.
1643 1479 1665 1526 3.

909 1546 983 1596 (Iret.
998 1549 1042 1612 βορ
1060 1547 1098 1604 aa.
1114 1547 1154 1597 CI.
1174 1547 1266 1597 Horat.
1283 1548 1368 1613 Hpitt.
1386 1547 1408 1604 l,
1425 1548 1448 1606 5,
1468 1548 1498 1596 lt
1514 1561 1521 1596 ε
1537 1543 1600 1622 quid
1617 1557 1667 1593 non

909 1609 1023 1662 ebriatae
1041 1564 1097 1664 θοαί
1117 1619 1173 1672 nat,
1192 1616 1283 1690 operta
1303 1611 1424 1664 recludit.
1444 1613 1488 1664 Sic
1507 1622 1671 1676 epigramma

908 1677 987 1729 vertit
999 1677 1094 1730 Niaod.

910 1745 947 1810 ⁴⁰)
964 1759 971 1794 ε

942 1825 1012 1878 Vina
1025 1825 1145 1893 ingressa
1158 1827 1228 1878 viros
1240 1836 1377 1892 exaequant
1391 1824 1489 1874 viribus
1505 1824 1603 1888 ignem,

974 1899 1054 1958 utque
1066 1899 1149 1943 tumet
1160 1893 1250 1955 Libyci
1264 1891 1386 1943 fluctibus
1398 1891 1467 1940 unda
1480 1889 1571 1948 maris,
1590 1953 1595 1964 ι

943 1972 1022 2024 quam
1036 1965 1113 2009 notua
1125 1967 1170 2009 ant
1184 1961 1283 2009 Boreas
1295 1957 1373 2008 vertit
1386 1957 1418 2007 de
1432 1956 1537 2006 aedibus
1551 1955 1611 2005 lmre
1625 1968 1631 2001 ι

976 2023 1015 2075 sic
1029 2025 1095 2075 flunt
1108 2023 1189 2075 nimio
1203 2024 1307 2076 turbida
1321 2023 1402 2074 corda
1414 2037 1497 2073 mero.

1143 1677 1269 1730 ἐείιίιοιιε
1282 1677 1375 1742 (edidit
1386 1679 1420 1728 H.
1431 1678 1522 1744 Steph.
1533 1689 1668 1732 unnxxvu,

943 2156 1034 2207 LXIX.
1052 2155 1092 2206 St.
1111 2155 1145 2206 Α.
1167 2155 1340 2214 Cumanudes,
1364 2155 1426 2206 Ἆττ.
1452 2153 1531 2220 intpp.
1556 2150 1671 2213 ίπετύμύ.

912 2238 938 2288 p.
955 2223 1014 2281 332,
1032 2236 1059 2271 n.
1079 2223 1153 2272 3332.
1174 2221 1258 2272 Primi
1275 2220 1411 2287 cujusdam
1426 2234 1516 2269 sersus
1534 2227 1673 2284 supersunt

911 2294 1012 2338 tantum
1020 2287 1145 2337 informes
1153 2286 1271 2352 reliquiae
1283 2290 1367 2338 ..teta
1376 2293 1539 2353 Δρι.......σε.
1549 2311 1579 2321 -
1587 2284 1633 2334 Vs.
1648 2287 1670 2331 1.

912 2355 944 2403 G.
959 2353 1054 2404 Kaibel
1072 2368 1079 2401 ι
1099 2353 1272 2418 κεκλή[σο]μαε
1290 2353 1348 2404 σίεί.
1369 2378 1398 2389 -
1418 2351 1465 2400 Vs.
1482 2352 1506 2400 2.
1525 2350 1595 2400 Nota
1611 2351 1671 2398 θεῶν

912 2419 988 2469 unius
1007 2419 1114 2482 syllaba
1130 2434 1177 2483 per
1195 2417 1334 2483 syniaesIn.
1354 2417 1393 2468 CI.
1412 2417 1491 2467 Hom.
1509 2414 1541 2466 11.
1557 2415 1591 2472 Α,
1615 2415 1644 2462 18
1663 2429 1669 2461 :

919 2485 987 2549 Ὑμῖν
1003 2484 1123 2550 pittaci
1141 2485 1219 2546 daim
1236 2485 1355 2549 Theogn.
1370 2499 1394 2532 r.
1409 2484 1465 2532 l'll.
1480 2483 1551 2538 Θεοῖς
1562 2481 1635 2545 τύχον
1648 2486 1673 2528 et

912 2559 1048 2602 sexcentos
1062 2547 1130 2600 alios
1143 2549 1306 2602 diversorum
1317 2555 1455 2616 poetarum
1466 2548 1548 2598 locos.

944 2682 1024 2732 LXX.
1046 2681 1076 2731 In
1099 2679 1301 2733 Henataheticht
1324 2680 1371 2730 der
1394 2677 1524 2744 taniylict
1545 2678 1672 2728 Praeterie-

912 2748 976 2798 rhen
992 2747 1130 2799 Academia
1145 2747 1193 2797 der
1217 2746 1435 2809 Wieaeatchcsten
1450 2759 1483 2794 su
1502 2743 1602 2802 Berlin,
1620 2742 1673 2792 mai

912 2814 1107 2930 affirm-li,
1126 2813 1172 2864 ubi
1188 2812 1273 2864 editor
1290 2819 1363 2864 notat
1380 2811 1478 2862 formas
1493 2809 1570 2874 hujus
1584 2822 1673 2859 versus

945 3011 1036 3060 LXXI.
1052 3011 1092 3062 nx
1102 3009 1199 3061 Auen.
1214 3009 1259 3070 IV,
1273 3024 1299 3076 p.
1315 3009 1362 3058 133
1373 3008 1398 3059 Α
1408 3025 1415 3058 :
1427 3007 1561 3071 Φεύγουσα
1571 3004 1630 3067 γοῦν
1645 3023 1673 3054 σε

913 3078 939 3142 (ο
951 3077 1066 3140 Cance),
1080 3077 1122 3127 καί
1135 3076 1193 3132 τούς
1205 3094 1246 3127 σοι
1255 3073 1438 3142 παραπλησίους
1449 3077 1464 3132 al
1484 3073 1564 3139 ’Aperi
1585 3071 1675 3140 Ἡδονῇ

912 3143 1092 3204 παρακάθηται,
1106 3145 1139 3199 ὥς
1152 3159 1210 3206 φησι
1224 3142 1376 3199 Μνασάλκης
1388 3145 1403 3193 θ
1419 3140 1550 3194 Σικυώνιος
1562 3137 1587 3186 a
1607 3139 1662 3186 ’liert

912 3209 1065 3274 γράμμασιν·
1079 3207 1130 3260 ‘Ab'
1141 3209 1233 3270 tria...
1246 3205 1385 3258 Hstetiern
1403 3207 1453 3256 hoc
1470 3203 1555 3270 epigr.
1568 3216 1611 3267 ap.
1622 3203 1673 3281 Eu-

914 3273 1039 3324 stathium
1057 3289 1116 3324 cum
1135 3274 1187 3324 hoo
1200 3273 1322 3324 lemmate
1338 3275 1421 3339 ’ὓπερ
1435 3288 1472 3328 τις
1486 3271 1676 3328 satiatorum

915 3340 1056 3404 φιλοσοφίας
1077 3340 1192 3404 ίγροψεν.
1213 3339 1334 3389 Ceterum
1353 3338 1465 3415 parodia
1483 3341 1524 3386 est
1548 3333 1675 3400 epitaphii

915 3400 1674 3475 AjaoisAristoteliattributi3vid.rnhocvol.cap.ll,59(l·).

916 3499 946 3510 -
957 3472 1017 3521 Ves.
1029 3471 1077 3522 2et
1088 3472 1112 3520 I.
1127 3470 1223 3522 Divisit
1234 3469 1362 3520 Prodicus
1371 3469 1527 3533 voluptates,
1540 3465 1635 3524 ἡδονὰς,
1650 3480 1675 3513 ιιι

916 3535 1039 3602 gaudium
1050 3535 1156 3618 (χαρὰν),
1162 3543 1189 3586 et
1195 3535 1396 3587 delectationem
1404 3534 1515 3600 (τέρψιν),
1523 3540 1550 3582 et
1560 3529 1677 3582 hilarita-

915 3611 978 3662 tem,
991 3601 1277 3670 supptementum.
1297 3603 1316 3653 Τ
1315 3615 1357 3668 op.
1370 3602 1404 3662 11,
1419 3603 1444 3650 6.
1458 3597 1497 3650 cl.
1512 3597 1628 3648 tabulam
1642 3597 1675 3646 de

917 3669 1030 3719 Hercule
1044 3667 1071 3718 iu
1088 3667 1159 3718 bitio
1169 3682 1213 3732 ap.
1224 3668 1345 3732 Xenoph.
1357 3664 1499 3717 Memorat.
1514 3663 1546 3723 11,
1558 3677 1580 3739 Ιι,
1593 3664 1634 3736 212
1646 3689 1676 3698 -

917 3735 964 3784 Vs.
978 3737 1001 3784 t.
1020 3734 1152 3801 κακόφρων
1173 3734 1266 3800 τέρψις,
1286 3732 1358 3786 malo
1374 3732 1467 3783 mentis
1480 3729 1590 3796 ροιιείεο,
1602 3729 1677 3792 Vrrg.

916 3801 980 3850 AEn.
997 3799 1040 3860 Vl,
1055 3801 1102 3850 218
1117 3815 1158 3866 sq.

951 3931 1055 3981 LXXII.
1067 3931 1105 3980 Ex
1119 3930 1212 3993 Polyb.
1231 3928 1265 3990 λ’,
1287 3945 1321 3991 rx,
1341 3929 1365 3978 b.
1383 3925 1608 3991 Epigrammation
1627 3941 1678 3974 uno

918 3996 1047 4047 versiculo
1059 3995 1168 4046 Thermi
1178 3995 1323 4061 parietibus
1338 4009 1355 4045 a
1367 3990 1554 4044 Macedonibus
1567 3991 1678 4055 insculp-

918 4070 983 4122 tum,
1000 4069 1137 4128 postquam
1147 4063 1197 4112 hoc
1205 4060 1314 4112 AEtolite
1325 4059 1450 4126 oppidum
1461 4056 1633 4123 diripuerant,
1647 4059 1679 4106 ab

918 4127 1017 4179 AEtolie
1034 4127 1174 4204 impiorum
1195 4125 1340 4178 facinorum
1361 4140 1452 4192 poenas
1472 4129 1629 4188 repetentes.
1649 4151 1678 4160 -

919 4195 995 4245 Hunc
1008 4194 1166 4244 versiculum
1179 4193 1224 4258 qui
1236 4193 1309 4243 brevi
1325 4191 1494 4258 pervulgatus
1507 4195 1557 4252 est,
1572 4204 1589 4239 e
1600 4189 1679 4238 Samo

919 4259 1082 4324 Chrysogoni
1097 4257 1161 4319 illio,
1179 4259 1223 4324 qui
1236 4273 1289 4309 una
1306 4273 1365 4308 cum
1378 4257 1502 4321 Philippo
1515 4270 1577 4320 rege
1591 4254 1679 4328 Mace·

919 4325 1004 4376 doniee
1016 4325 1102 4376 iuerat
1114 4325 1249 4382 educatus,
1264 4321 1350 4374 innuit
1363 4337 1421 4372 esse
1436 4323 1532 4372 Iactum
1546 4320 1679 4383 Polybius,

919 4393 951 4442 de
965 4405 1016 4456 quo
1030 4389 1104 4442 addit
1118 4406 1125 4441 ι
1139 4390 1185 4452 ἤδη
1204 4391 1262 4440 τότε
1282 4391 1326 4451 τῆς
1340 4389 1514 4448 ίπιδεξιύτητος
1533 4388 1577 4446 τῆς
1595 4385 1679 4448 Σάμου

920 4474 1052 4522 ρυομενης.

952 4587 1068 4638 LXXIII.
1081 4586 1226 4638 Hdiderunt
1239 4585 1315 4637 multi
1324 4585 1392 4636 unde
1407 4588 1558 4658 excerptum
1568 4580 1657 4656 nescio
1672 4597 1678 4630 :

920 4659 990 4703 certe
1011 4653 1093 4703 habes
1117 4653 1144 4703 in
1165 4652 1246 4704 variis
1269 4651 1378 4702 Pindari
1403 4649 1562 4700 editionibus
1586 4649 1680 4721 quibus

920 4713 1680 4846 33ίέ1ίίίίίῖίὲίῗὲίρῖωίῐι.θ;.ίί.ίίίθίίξέίζ

920 4823 993 4902 Suid.
1009 4850 1150 4916 Ἠεριγύου.
1166 4877 1197 4888 -
1211 4851 1258 4899 Vs.
1274 4851 1314 4898 11.
1331 4846 1420 4898 (lodic.
1435 4846 1561 4904 ’ίίεειὴον,
1576 4845 1679 4894 οιιιοιιιί.

108 4911 163 4977 παρ’
189 4911 373 4978 Ἀλεξανδρεῦσι,
392 4915 544 4982 πλατύτερον
564 4915 593 4966 ἐκ
613 4916 661 4965 τῶν
682 4917 751 4965 κάτω
775 4918 866 4983 μερῶν,
921 4917 1030 4966 Barnes.
1047 4903 1625 4980 ’Retinerequodnomenmatriseet.-Vs.
1640 4911 1679 4959 12,

109 4977 272 5041 ἐστενωμίνον
285 4978 387 5030 ἄνωθεν.
400 4997 413 5024 e
430 4979 541 5032 Gasaud.
551 4981 700 5032 Notandum
712 4997 814 5047 quoque
828 4991 868 5032 est
920 4981 983 5032 Cod.
998 4982 1095 5032 habent
1108 4983 1191 5041 Τήιος,
1203 4979 1366 5032 claudicante
1379 4975 1555 5029 versu-Vs.
1571 4977 1612 5026 16.
1628 4977 1681 5024 Ρεο

110 5041 203 5093 Βεεοιιι
215 5043 292 5093 deum
302 5045 458 5110 AEgyptinm
468 5061 527 5097 esse
537 5048 607 5112 apud
617 5047 785 5098 Ammianum
796 5049 866 5109 XIX,
920 5049 1123 5113 &pauperiorum
1144 5046 1244 5110 Heynio
1261 5044 1441 5110 legeremalni
1451 5043 1601 5107 Δεωπρεπία
1613 5042 1681 5106 quod

111 5109 148 5169 12,
161 5108 205 5174 qni
216 5109 351 5160 colebatur
359 5110 454 5175 Abydi,
466 5111 493 5162 in
503 5119 619 5164 extrema
628 5113 770 5165 Thebaidis
782 5122 867 5179 parte,
920 5113 985 5164 satie
1000 5120 1103 5164 conetat
1120 5112 1201 5163 inisse
1219 5109 1361 5162 Simonidis
1379 5108 1461 5176 patris
1475 5122 1570 5159 nomen
1585 5107 1680 5183 §Hero-

111 5174 290 5240 quondamque
300 5174 354 5226 illic
363 5178 498 5227 oraculum
508 5178 629 5238 hahebat,
642 5187 733 5242 poelea
743 5179 868 5229 Antinoo-
920 5179 973 5230 dct.
987 5179 1044 5240 Vll,
1064 5179 1133 5244 228).
1149 5205 1182 5216 -
1199 5179 1246 5228 Vs.
1267 5178 1308 5227 17.
1325 5197 1338 5224 ε
1356 5176 1426 5226 Male
1443 5175 1522 5241 vulgo
1540 5175 1636 5238 legatur
1656 5178 1682 5220 et

111 5239 189 5302 polim
205 5241 371 5292 translatum.
392 5241 462 5293 Fieri
481 5251 568 5296 autem
585 5244 695 5306 solebat,
713 5246 782 5310 quod
798 5245 868 5295 haud
921 5243 1116 5312 interpuugitur
1142 5245 1272 5302 Ἶσσαδαὴς
1292 5244 1333 5293 καί
1354 5243 1428 5298 Κεῖος
1447 5240 1487 5300 ἔην
1510 5257 1536 5290 κ.
1556 5257 1579 5290 τ.
1597 5243 1620 5290 λ.
1642 5239 1680 5287 Dc
