3866 6016
260 413 316 470 3⁶28
712 409 969 472 ANTHOLOGIAE
990 409 1140 470 GRAECAE
1160 415 1387 476 APPllNlllClS

260 547 295 608 ὡς
307 545 388 608 αὐτὸς
403 547 560 620 άκάμαντον
575 543 626 609 ἐ’ξω
638 547 688 614 τὴν
701 549 790 600 πόσιν.

259 633 316 701 Τὴν
329 635 395 707 γοῦν
410 629 532 707 ἀμοιόὴν
545 636 625 710 χάριν
641 629 741 708 ὑψόθεν
755 627 860 700 λάόοις,

260 720 292 774 ἂν
308 716 444 775 εῦσέῦειαν
459 724 514 782 τοῖς
528 725 620 784 πόνοις
633 723 792 798 κεραννῦῃς.

554 870 622 926 293.
638 878 733 925 anto.

259 985 349 1055 δλαῦε
363 1003 451 1077 τέρμα
467 997 561 1075 petto<
574 1004 594 1070 ἡ
606 999 796 1064 Πολυδεύκους

258 1074 377 1155 ίουλίου,
393 1090 529 1166 Καίσαρος
542 1087 695 1166 Κομμόδου
709 1092 801 1166 χάριν.

258 1163 281 1232 ll
293 1179 354 1254 χεὶρ
371 1177 419 1253 μέν
432 1179 451 1247 ἡ
466 1177 598 1254 γράψασα
612 1175 694 1248 τόνδε
708 1179 759 1246 τὴν
777 1172 871 1250 βίόλον

258 1267 412 1342 οἰχήσεται,
427 1268 482 1319 ναί·
499 1264 549 1320 κᾶν
563 1264 654 1342 ρθαρῇ
671 1263 744 1320 καθά
757 1268 839 1329 κόνις,

229 1367 243 1414 5
259 1349 437 1429 όλαμόάνων
453 1350 482 1408 δέ
496 1350 578 1422 τήνδε
592 1355 670 1431 χερσὶ
682 1355 729 1408 καί
745 1350 853 1427 βλέπων

258 1440 373 1498 θάνατον
389 1443 425 1504 είς
437 1445 500 1496 νοῦν
515 1444 562 1496 καὶ
575 1445 660 1518 κρίσιν
673 1438 850 1517 λαμόανέτω,

260 1533 373 1606 μνήμην
387 1549 415 1584 τε
430 1531 533 1606 κᾴμοῦ,
550 1529 599 1584 κᾶν
618 1533 723 1606 μακράν
739 1531 796 1604 εἰμι
809 1527 883 1584 λίαν.

557 1681 625 1739 etl.
643 1691 737 1740 netto.

529 1795 579 1859 [Εἰς
596 1793 754 1859 Λουκιανόν.]

259 1902 365 1994 ῥήτωρ,
380 1917 518 1990 σοφιστής,
535 1911 609 1968 ἀλλὰ
623 1916 670 1968 καὶ
682 1911 866 1990 λογογράφος,

259 2008 348 2082 ῥήτωρ
366 2007 490 2080 μέγιστος
503 2001 575 2057 ὁλων
588 2021 615 2056 τε
629 2005 682 2056 τῶν
698 2003 832 2078 ῥητόρων,

259 2096 348 2170 ῥήτωρ
362 2090 474 2168 ἀγαθός,
490 2093 657 2168 πρηοιπίριος
669 2091 719 2158 τὴν
735 2093 823 2166 φύσιν,

259 2184 349 2259 ῥήτωρ
366 2177 462 2250 δεξιός,
479 2178 603 2255 ἔμπλεως
617 2180 836 2253 κομπασμάτων,

230 2274 244 2320 5
259 2272 349 2347 ρήτωρ
364 2266 473 2338 ἀληθὴς
483 2269 546 2330 τοὺς
560 2265 715 2341 θεωνύμους
729 2264 812 2330 όλους

258 2360 397 2434 πιμπρῦν,
414 2357 541 2432 ἀναιρῶν,
559 2356 691 2430 έκτερρῶν
705 2351 883 2432 πολυτρόπως

258 2444 352 2520 λόγοις
368 2445 472 2520 μυρίοις
486 2443 512 2496 ἐν
523 2445 620 2516 συνεπῇ
634 2437 744 2517 καρδίᾳ.

545 2591 613 2648 eet.
636 2601 734 2650 nnnc.

467 2704 508 2760 Είς
523 2702 691 2766 Φιλόστρατον
702 2703 821 2764 Λήμνιον.

261 2823 362 2898 Τέττιξ,
379 2822 472 2895 ἀηδὼν
488 2825 534 2878 καὶ
547 2819 665 2900 χελιδὼν
680 2825 726 2878 καί
739 2826 835 2887 κύκνος

263 2917 345 2992 μικρά
359 2913 472 2992 βροτοὺς
484 2914 625 2988 τέρπουσιν
639 2907 721 2986 ᾠδαῖς
735 2912 872 2987 ἐμρῦτοις·

260 3008 295 3068 ὡς
307 3006 379 3082 πρίν,
395 3004 430 3057 τά
441 3002 522 3056 καινὰ
536 3000 583 3053 καὶ
594 3002 826 3075 τιτεχνιτευμένα,

260 3094 353 3170 ρῆτορ,
373 3088 444 3167 μίλη
461 3090 495 3143 σὰ
508 3089 556 3144 τοῦ
574 3083 682 3162 μέλιτος
694 3083 776 3156 ἡδίω.

555 3251 623 3308 296.
640 3261 735 3310 ΑΔΛΟ.

531 3365 582 3428 [Εἰς
595 3365 636 3414 τὸν
652 3364 747 3429 αὐτόν]

259 3486 298 3542 Οὐ
313 3490 365 3565 πῦρ
380 3484 469 3542 πόλου
485 3489 622 3541 πέπτωκεν
634 3487 670 3548 εἰς
681 3487 793 3558 Λῆμνον
806 3482 904 3558 πάλαι,

259 3571 287 3640 ἐξ
301 3576 417 3652 οὐρανοῦ
434 3575 524 3652 ῥήτωρ
542 3571 571 3628 δέ
581 3577 634 3650 πῦρ
648 3570 699 3641 ἧκε
713 3575 810 3630 πνέων.

257 3648 342 3734 leuca,
360 3663 454 3739 ρῆτορ,
471 3663 498 3716 ol
507 3661 609 3738 λόγους
623 3662 686 3722 σοὺς
700 3655 809 3723 εἰδότες.

552 3821 624 3880 att.
644 3828 742 3877 ΑΑΛΟ.

526 3936 566 3990 Εἰς
577 3933 619 3983 τὸν
631 3935 754 3984 Διόάνιον.

258 4039 279 4109 ll
294 4053 390 4126 κλῆσις
403 4051 574 4133 ἁρμόζουσα,
591 4049 711 4122 natent,
730 4069 783 4109 σοι·

258 4143 346 4222 ὥσπερ
357 4140 436 4207 tutae
452 4143 559 4220 μέλιτος
571 4145 601 4198 ἐκ
613 4140 704 4218 λόγων
720 4143 785 4219 ρέιι.

543 4299 610 4358 2:³8.
624 4311 719 4361 nnnc.

322 4415 364 4472 Εἰς
376 4415 420 4471 τὰς
441 4415 545 4473 Ἀθήνας
561 4414 602 4463 καὶ
618 4415 661 4471 τὴν
677 4412 944 4465 Κωνσταντινοῦπολιν.

258 4521 395 4614 Ιῖρεχθέως
407 4538 505 4607 ἀνῆκεν
519 4537 539 4605 ἡ
553 4537 590 4610 γῆ
604 4535 654 4604 τὴν
668 4532 760 4600 πόλιν,

258 4623 321 4680 ἀλλ’
337 4626 450 4702 οὐρανός
464 4627 548 4693 ἀνῆκε
563 4609 665 4698 ῥώμην
679 4624 729 4691 τήν
743 4624 816 4676 νέαν·

257 4715 375 4790 κρεῖττον
387 4714 418 4768 τό
433 4711 536 4775 κάλλος
548 4715 609 4787 γῆς,
625 4710 688 4765 όσον
702 4709 831 4786 λαμπρός
844 4709 938 4776 πόλος.

543 4871 612 4928 2⁸29.
631 4877 729 4926 thau.

535 4987 576 5040 Είς
588 4985 631 5037 τὴν
641 4983 753 5034 Νίκαιαν.
823 4977 828 4992 '

260 5087 280 5156 ll
296 5104 348 5158 τῶν
361 5086 484 5173 Ᾰθηνῶν,
500 5107 559 5167 ταῖς
574 5103 678 5168 ἐλαίαις
694 5105 732 5178 μὴ
750 5107 857 5182 φρόνει·

259 5191 358 5246 Νίκαια
370 5193 490 5256 ταύταις,
504 5193 550 5246 καί
563 5193 615 5268 πρό
627 5195 728 5246 τούτων
745 5191 889 5268 ἀμπέλοις,

1074 557 1105 606 ut
1119 568 1171 624 ego
1186 552 1244 609 sine
1257 553 1350 610 labore
1362 555 1477 614 habeam
1492 565 1596 630 potum.

1073 643 1169 710 ltaque
1179 657 1230 713 pro
1240 657 1351 698 munere
1364 643 1481 716 gratiam
1494 645 1597 702 celitus
1608 647 1759 721 acceperis,

1074 726 1097 780 si
1110 727 1238 799 pietatem
1250 729 1390 788 laboribus
1401 731 1589 800 immiscueris,

1361 881 1423 936 223.
1443 891 1544 937 aaron.

1074 1007 1154 1080 Cepit
1167 1009 1248 1065 {lnem
1261 1010 1330 1068 liber
1342 1012 1461 1069 Pollucis

1076 1095 1090 1150 J
1094 1095 1150 1165 olii,
1165 1097 1193 1152 in
1207 1097 1322 1156 Cesaris
1335 1099 1473 1158 Commodi
1486 1105 1602 1176 gratiam
1614 1111 1787 1176 compositus.

1074 1183 1172 1240 Manus
1184 1185 1303 1257 quidem,
1318 1205 1378 1260 quae
1391 1189 1500 1264 scripsit
1514 1191 1618 1248 huncce
1630 1193 1738 1262 librum,

1074 1271 1170 1340 abibit,
1186 1273 1290 1342 hercle;
1304 1276 1357 1332 etsi
1370 1284 1500 1351 corrupta
1512 1278 1595 1336 fuerit
1607 1287 1637 1337 ut
1650 1281 1750 1354 pulvis,

1074 1359 1098 1417 si
1110 1361 1172 1436 quis
1184 1361 1282 1419 librum
1293 1363 1384 1438 ipsum
1398 1365 1426 1421 in
1440 1383 1536 1422 manus
1549 1369 1633 1425 sumit
1646 1376 1674 1426 et
1685 1369 1771 1438 videt,

1073 1454 1187 1504 mortem
1197 1447 1350 1507 tumentem
1361 1458 1390 1507 et
1395 1451 1525 1524 judicium
1534 1454 1625 1526 capiat
1634 1456 1662 1526 (ι’.
1672 1472 1696 1511 e.
1705 1472 1832 1523 revocet,

1072 1539 1101 1590 ct
1112 1533 1164 1589 mei
1179 1535 1345 1603 memoriam,
1359 1537 1464 1594 etiamsi
1479 1539 1566 1596 absim
1577 1540 1744 1615 longissime.

1362 1691 1423 1744 etl.
1443 1699 1542 1742 aaron.

1346 1796 1384 1859 [ln
1398 1795 1561 1861 Lucianum.]

1073 1918 1190 1988 Rhetor,
1206 1919 1340 1991 sophista,
1356 1920 1406 1976 sed
1419 1927 1447 1977 et
1460 1921 1763 1998 orationum-scriptor,

1072 2007 1166 2063 rhetor
1177 2007 1312 2063 mutuus
1325 2008 1443 2064 omnium
1456 2010 1605 2080 rhetorum,

1073 2093 1166 2150 rhetor
1178 2093 1276 2163 bonus,
1290 2094 1472 2152 incendiarius
1486 2104 1594 2167 natura,

1073 2181 1168 2236 rhetor
1181 2180 1286 2249 sollers,
1301 2181 1397 2255 plenus
1412 2182 1568 2256 gloriarum,

1074 2269 1167 2325 rhetor
1179 2285 1263 2326 verax
1275 2269 1606 2329 divino-nomineornatos
1620 2291 1715 2330 omnes

1073 2358 1832 2434 incendens,tollens,incinercs-redigensmultis-modis

1075 2445 1243 2502 orationihus
1258 2445 1395 2503 sexcentis
1407 2447 1558 2520 perspicaci
1573 2449 1664 2504 corde.

1366 2599 1428 2652 223.
1448 2607 1546 2650 attan.

1259 2705 1289 2753 ln
1303 2703 1491 2754 Philostratum
1505 2704 1650 2754 Lemnium.

1074 2831 1185 2900 Cicada,
1200 2829 1315 2887 luscinia
1328 2838 1355 2888 et
1367 2830 1483 2886 hirundo
1496 2839 1524 2888 et
1538 2849 1639 2905 cycnus

1074 2918 1212 2992 paululum
1224 2919 1352 2975 mortales
1364 2918 1500 2974 delectant
1513 2919 1640 2975 carrtihus
1653 2919 1794 2993 ingenitis3

1075 3005 1146 3063 siout
1159 3015 1248 3074 antea,
1264 3023 1325 3078 quae
1338 3023 1409 3062 nova
1421 3013 1449 3062 et
1462 3005 1619 3076 artificiosa,

1074 3112 1091 3151 o
1105 3095 1208 3162 rhetor,
1221 3094 1374 3150 modulatus
1389 3109 1419 3149 es
1432 3101 1472 3162 tu,
1485 3093 1563 3150 melle
1578 3102 1642 3151 sunt
1656 3095 1788 3152 suaviora.

1365 3259 1427 3312 226.
1448 3265 1547 3308 aaron.

1359 3363 1397 3426 [lu
1411 3362 1550 3426 eumdem]

1075 3494 1134 3550 Non
1149 3492 1222 3566 iguis
1236 3491 1293 3548 coeli
1305 3489 1404 3546 cecidit
1419 3489 1482 3546 olim
1496 3489 1523 3544 in
1538 3489 1679 3558 Lemnum,

1074 3581 1123 3636 sed
1137 3599 1152 3635 c
1165 3580 1230 3636 coelo
1242 3587 1334 3635 orator
1344 3577 1419 3634 venit
1433 3577 1541 3651 spirans
1556 3577 1658 3650 ignem.

1074 3669 1178 3734 Sciunt,
1194 3674 1295 3733 orator,
1311 3666 1358 3741 qui
1369 3665 1505 3724 orationes
1519 3671 1581 3723 tuus
1595 3672 1703 3722 norunt

1368 3829 1429 3880 227.
1449 3833 1549 3876 atlon.

1362 3935 1389 3984 ln
1404 3932 1550 3983 Lihauium.

1074 4064 1188 4130 Nomen,
1205 4079 1221 4117 o
1236 4061 1342 4128 Libani,
1358 4057 1568 4131 bene-congruit
1579 4057 1629 4113 tibi
1644 4063 1720 4113 tuum
1737 4077 1743 4111 :

1074 4151 1152 4225 quasi
1166 4149 1252 4206 mellis
1266 4148 1327 4205 lons
1345 4164 1360 4204 e
1374 4146 1429 4204 tuis
1443 4144 1611 4202 orationihus
1623 4144 1694 4200 lluit.

1369 4307 1431 4360 228.
1451 4311 1550 4356 norun.

1221 4415 1250 4466 ln
1263 4413 1380 4464 Athenas
1392 4417 1419 4461 ot
1432 4405 1686 4473 Constantinopolin.

1074 4541 1220 4600 Erechthei
1232 4541 1322 4598 emisit
1334 4547 1409 4598 terra
1420 4537 1525 4604 urbem,

1073 4633 1122 4688 sed
1136 4631 1229 4688 calum
1243 4627 1333 4685 emisit
1347 4627 1462 4683 Romam
1475 4639 1582 4692 noram,
1619 4619 1719 4694 [fulget
1730 4617 1816 4676 celum

1073 4721 1153 4790 enjus
1169 4715 1322 4792 pulcritudo
1333 4721 1407 4771 terra
1420 4717 1494 4767 tanto
1511 4710 1606 4784 major,
1627 4714 1731 4782 quanto
1746 4709 1828 4774 napis

1366 4875 1428 4928 tta.
1448 4878 1546 4921 Αιιυυ.

1369 4979 1400 5029 ln
1409 4977 1537 5027 Nicaeam.

1075 5109 1147 5168 Urbs
1160 5109 1339 5176 Athenarum,
1355 5103 1423 5162 oleis
1437 5120 1470 5158 ne
1484 5098 1641 5174 superbias;

1074 5197 1236 5254 Nicaeaistis
1251 5203 1278 5252 et
1290 5211 1346 5267 pre
1360 5192 1430 5262 istis,
1445 5189 1557 5256 vitibus,
