3858 6018
273 445 330 504 228

274 577 451 642 scriptumest
470 575 561 626 matris
580 593 673 626 ttamen
694 580 790 643 Μαλίχα
812 581 929 644 4ιυόηρία.
950 607 980 614 -
997 578 1038 627 Ad

276 645 402 705 Διογείτου
417 642 508 692 referri
530 658 631 707 quoque
650 653 760 708 possunt
777 646 856 694 verba
870 646 898 692 4ιι
915 647 1038 694 Πελοπον-

274 711 361 767 νήσου.
382 709 482 774 llharrg.
503 708 522 758 C
542 709 688 774 Olympiad.
705 711 805 760 videtur
819 726 876 760 esse
890 711 989 760 titulus.
1007 737 1037 746 ·-

276 776 354 824 Dedit
374 781 401 824 et
420 775 488 824 hunc
510 773 613 824 titulum
636 776 800 825 Cumanudes
822 777 848 825 in
876 779 937 826 Ἆιτ.
959 777 1036 841 ἐπιγρ.

276 842 389 904 ἐπιτύμδ.
404 857 429 906 p.
446 842 503 898 434,
520 843 595 902 4922,
607 849 634 891 et
647 843 678 892 G.
694 841 831 892 Kaibelius
848 858 874 891 ιι.
893 846 921 892 44
936 858 979 906 op.
992 843 1037 891 cit.

276 935 306 944 -
318 907 356 957 Cf.
368 907 394 956 in
408 907 517 956 Boeclth.
534 908 611 974 Corp.
625 924 652 957 n.
667 908 724 968 898,
738 916 764 958 et
777 923 820 973 ap.
831 924 854 957 v.
866 909 899 958 cl.
913 909 1040 958 Cumanu-

276 973 344 1032 dem,
359 974 387 1024 in
409 975 496 1024 44ττιιι.
513 975 590 1038 ἐπιγρ.
613 974 726 1032 tarelah.
740 989 767 1039 p.
784 976 841 1034 469,
855 990 881 1024 ιι.
895 976 967 1031 4349,
983 975 1038 1023 lde·

276 1039 340 1088 littae
364 1037 474 1088 nutricis
504 1039 679 1104 epitaphium,
706 1040 854 1105 quodcum
877 1057 892 1090 e
918 1055 1039 1090 versuum

275 1105 362 1168 potius
383 1105 538 1170 fragmentis
557 1121 635 1170 quam
656 1122 670 1156 e
691 1107 771 1157 rectia
788 1107 907 1156 versibus
928 1113 1037 1164 constet,

275 1171 373 1221 referre
393 1169 598 1236 supersedimus,
621 1173 690 1236 quod
712 1172 750 1222 ita
772 1179 837 1222 est:
862 1175 1039 1235 Ἀπολλοδώρου

274 1236 399 1294 ἰσοτελοῖις
407 1239 514 1304 θυγάτηρ
527 1241 636 1288 Μελίττα
647 1240 724 1298 τίτθη.
741 1238 746 1304 Ι
769 1239 868 1289 ’aiath
878 1241 920 1296 τήν
931 1239 1040 1302 χρηστήν

275 1305 356 1362 τίτθην
364 1305 429 1353 κατὰ
438 1306 496 1364 γαία
508 1304 634 1354 καλύπτει.
651 1307 655 1366 Ι
679 1306 857 1369 Ἶιτιιοστρότης
870 1305 911 1354 καί
923 1303 1040 1355 stererat

276 1387 313 1418 σε.
330 1371 334 1430 Ι
349 1370 400 1420 net
413 1370 494 1428 ζῶσάν
507 1371 530 1418 α’
545 1371 651 1432 ἐφίλουν,
663 1371 741 1430 τίτδη,
757 1371 798 1421 καὶ
814 1375 857 1421 νῦν
874 1371 897 1420 α’
912 1371 946 1420 ἔτι
962 1371 1038 1432 τιμῶ,

289 1440 293 1497 1
309 1431 385 1487 οὖσαν
404 1435 527 1485 καὶκατὰ
545 1439 599 1498 γῆς,
619 1436 660 1486 aei
681 1439 778 1501 τιμήσω
795 1454 823 1486 σε
842 1436 897 1501 ἄχρι
916 1434 945 1486 ἂν
963 1437 1006 1493 ζῶ.
1022 1439 1027 1498 Ι

275 1495 339 1550 Οίδα
360 1504 387 1551 δι’
407 1520 447 1552 σοι
468 1504 506 1551 ότι
526 1503 567 1551 καὶ
586 1503 650 1552 κατὰ
671 1505 724 1564 γῆς,
746 1503 813 1568 εἴπερ
833 1506 950 1566 χρηστοῖς
969 1503 1041 1569 γέρας

275 1568 349 1627 ἐστίν,
366 1570 370 1628 Ι
384 1569 470 1641 πρώτη
486 1586 526 1618 σοι
538 1569 615 1632 τιμαί,
631 1571 709 1628 τίτόη,
723 1571 790 1634 παρὰ
804 1569 947 1634 Περσεφόνη
962 1569 1041 1618 Πλού-

276 1651 332 1684 τωνι
346 1651 373 1682 τε
387 1651 487 1684 κεινται.

307 1756 425 1806 XXXIX.
435 1755 551 1814 Athenis,
565 1755 597 1804 ad
607 1755 744 1806 ecclesiam
755 1754 920 1805 catholicam.
931 1755 1040 1806 Baeclrh.

277 1822 306 1872 C.
321 1823 399 1872 inser.
413 1837 455 1888 gr.
468 1823 514 1870 443
530 1822 686 1872 οΡοοοσίιίο
698 1829 725 1871 et
738 1820 892 1871 Mustoxide.
909 1849 939 1858 -
955 1823 1000 1871 Vs.
1018 1825 1041 1871 4.

275 1889 350 1946 αὐτῆς
366 1886 480 1937 restituit
497 1887 602 1939 Kaibel.
615 1889 709 1954 Eptpp.
724 1904 766 1952 pr.
782 1888 849 1938 conl.
871 1903 896 1952 p.
913 1890 938 1948 9,
954 1889 994 1936 24.
1012 1915 1042 1925 -

275 1955 320 2003 Vs.
329 1954 432 2003 3.ldem
445 1953 772 2019 confertAEsohyl.Apom.
785 1956 842 2014 449,
855 1953 946 2002 Herm.
957 1953 1020 2004 edit.
1034 1969 1040 2003 ι

274 2021 319 2070 σὺν
333 2019 387 2083 δορὶ
402 2020 444 2069 καὶ
458 2021 518 2086 χερί.
537 2048 567 2057 -
582 2020 629 2069 Vs.
644 2023 668 2069 4.
684 2020 823 2070 Scribebat
840 2019 950 2068 Boeckh.
971 2023 1041 2070 Πλει-

274 2102 414 2151 στοκριτον.

307 2206 362 2256 XL.
385 2205 502 2256 Vettona.
525 2204 565 2256 St.
582 2205 616 2254 A.
639 2204 803 2255 Cumanudes
822 2203 848 2253 in
876 2207 938 2254 ’.4ιτ.
961 2204 1040 2268 ἑπιγρ.

275 2271 388 2334 territat.
402 2271 717 2386 ρ.444,ίιιι4ι1ι4οιιιί.ο.
735 2273 791 2320 446.
806 2299 835 2308 -
849 2271 895 2319 Vs.
910 2272 934 2319 2.
949 2271 1041 2335 8ιιρρ4.

275 2340 305 2387 C.
321 2338 405 2388 Kaibe
418 2373 424 2387 .
439 2339 470 2388 85
482 2338 506 2403 [η
515 2355 541 2386 τε
556 2339 644 2401 phele.
656 2336 838 2401 subscriptum
849 2341 889 2386 eat
897 2337 1043 2394 Μνήσιππος

275 2406 411 2470 Χαριταίου
436 2405 553 2460 Ἁλαιεύς·
569 2407 643 2462 Μνησ
646 2439 875 2454 .........

308 2534 374 2584 XLI.
388 2533 504 2584 Athenis.
514 2533 535 2584 E
544 2531 678 2583 Welcleri
690 2533 794 2583 schedis
805 2532 885 2584 edidit
895 2532 965 2584 Keil.
975 2534 1040 2583 Μιιε.

277 2601 354 2650 hhen.
367 2599 426 2658 XX,
440 2601 487 2649 858
501 2599 598 2650 atinde
609 2599 641 2648 G.
652 2599 756 2649 Xaihal.
767 2599 949 2664 Eptpimonl.
962 2615 988 2664 p.
1000 2601 1042 2658 23,

276 2670 316 2716 64.
340 2664 421 2715 Keilii
437 2666 620 2730 supplementa
636 2671 705 2714 sunt.
726 2693 757 2702 -
777 2666 824 2714 Vs.
845 2668 869 2715 2.
886 2665 992 2716 Confert
1010 2667 1040 2714 G.

275 2732 413 2782 Kaibelius
427 2731 582 2782 Callimachi
599 2732 632 2792 V,
650 2733 695 2780 444
714 2745 721 2779 :
743 2733 872 2782 Ὀλδίσταν
886 2733 948 2795 ἐρέει
961 2749 990 2782 σι
1002 2732 1043 2780 καὶ

276 2801 383 2848 εὐαίωνα
396 2801 516 2860 γενέσθαι.
533 2826 563 2834 -
574 2798 678 2858 Thorse,
694 2799 772 2860 όήμος
781 2797 864 2847 tribus
878 2797 1044 2848 Antiochidis

275 2867 444 2914 Athenarum.

309 2985 386 3034 XLII.
412 2982 490 3034 Dedit
514 2991 573 3048 post
600 2982 666 3034 alios
691 2983 800 3033 Boeckh.
830 2983 906 3048 Corp.
929 2999 955 3032 n.
984 2985 1041 3032 895.

277 3051 433 3115 Nuperrime
453 3049 559 3115 repetiit
578 3065 602 3098 v.
629 3049 662 3099 cl.
687 3049 851 3100 Cumanudes
879 3052 941 3100 Ἆττ.
963 3051 1041 3114 ἐπιγρ.

278 3118 389 3179 istriae.
413 3133 439 3182 p.
460 3119 516 3176 449,
532 3131 558 3165 ιι.
581 3118 629 3166 928
648 3123 674 3166 et
686 3117 717 3164 G.
732 3115 810 3166 Kaib.
827 3131 853 3164 n.
866 3117 906 3165 49.
922 3143 953 3154 -
971 3137 983 3162 ι
1002 3116 1043 3166 Ad

278 3184 376 3233 scalam
401 3182 521 3232 biblioth.
545 3182 572 3232 S.
598 3181 735 3231 Trinitatis
760 3181 945 3247 cantabrigiae,
966 3197 1045 3246 super

277 3249 425 3324 anaglypho
440 3247 581 3313 sepulcrali
594 3263 640 3298 vas
655 3248 763 3298 atticum
782 3247 929 3304 exhibente,
947 3248 973 3297 in
993 3263 1044 3312 quo

278 3316 316 3364 vir
330 3323 357 3364 et
372 3314 476 3379 Juvenis
489 3329 580 3364 manus
594 3314 744 3379 jungentes.
758 3314 867 3365 Athenis
880 3329 996 3364 marmor
1009 3314 1044 3363 al-

278 3383 359 3430 latum
378 3381 426 3430 fuit
445 3381 478 3430 ab
494 3381 526 3428 H.
545 3381 577 3428 V.
596 3381 676 3430 Elliot
690 3388 717 3430 et
732 3381 763 3429 E.
779 3381 810 3430 Β.
827 3379 916 3430 Elliot.
936 3379 1042 3431 ιιΒοΙιΙι.

278 3447 335 3496 Lin.
361 3449 385 3496 4.
411 3445 519 3510 Legitur
540 3453 566 3494 et
596 3447 705 3503 ‘ltlraioe
725 3445 752 3495 in
775 3461 825 3511 quo
847 3468 859 3494 ι
884 3445 979 3497 litterae
1000 3451 1045 3496 Η).ι

281 3513 386 3562 omnino
399 3511 506 3562 incertae
522 3517 591 3561 sunt.
607 3531 619 3556 ιι
633 3514 671 3562 ld.

310 3634 401 3683 XLlll.
426 3653 438 3678 ιι
458 3633 488 3682 4ο
509 3647 556 3682 ara
571 3631 711 3697 sepulcrali
731 3633 866 3708 eleganter
884 3641 987 3692 ornata,
1004 3634 1043 3683 in-

279 3712 319 3750 ter
330 3699 445 3750 Piraeum
461 3704 487 3748 et
499 3704 603 3764 portum
615 3699 761 3748 Phoronem
776 3715 803 3748 ιιι
815 3707 956 3764 conspectu
970 3700 1044 3750 Sala-

278 3767 355 3816 minis
369 3771 475 3831 reperta
492 3771 519 3816 et
537 3781 553 3814 a
567 3765 667 3815 Batavo
684 3766 723 3815 De
737 3765 859 3815 Lescluze
876 3765 966 3816 Museo
985 3765 1044 3816 Lei·

278 3833 351 3882 ‹lensi
369 3831 452 3882 illata.
471 3831 500 3880 4ιι
513 3830 598 3881 diario
615 3833 747 3896 Messaper
760 3833 805 3881 dea
823 3833 940 3882 Scienees
958 3836 983 3882 et
1002 3834 1046 3883 dea

277 3901 338 3948 Arta
352 3901 369 3949 ὰ
384 3898 470 3959 Genti,
483 3898 556 3958 4823,
568 3913 594 3961 p.
609 3898 716 3947 344-389
730 3896 811 3946 edidit
819 3905 844 3946 et
856 3905 1045 3948 commentatus

278 3974 317 4014 est
332 3966 413 4029 Leop.
427 3965 484 4012 Van
499 3963 614 4012 AEstein.
631 3984 642 4006 ν
662 3964 764 4014 aecta.
786 3963 904 4013 Disticha
923 3964 1044 4028 praescri-

280 4042 351 4096 ptum
370 4037 411 4080 est
429 4031 585 4106 Φιλοστράτη
605 4032 725 4080 Φίλωνος.
746 4031 827 4079 Φίλων
847 4031 987 4080 Καλλίππου
1003 4033 1046 4080 Al-

278 4097 375 4156 ξιιινείις,
389 4103 415 4146 et
429 4097 607 4160 subscriptum
626 4099 754 4160 Ἀλαιμαγή
770 4097 927 4161 Καλλιμάχου
947 4099 1045 4160 ’.4ναγυ-

279 4164 375 4229 ρασίου.
396 4161 567 4227 Epitaphium
584 4178 647 4228 ergo
663 4163 745 4212 habes
763 4163 841 4212 trium
861 4161 1000 4212 mulierum
1020 4171 1046 4213 et

278 4229 327 4280 viri
344 4228 431 4278 unius.
453 4227 616 4278 Philostrato
640 4228 760 4278 Philonis
784 4227 828 4293 qui
851 4229 966 4278 secundo
986 4230 1044 4279 loco

279 4295 391 4361 scriptus
412 4301 460 4354 est,
475 4293 529 4343 fllia
540 4293 655 4355 videtur3
669 4295 787 4360 ejusdem
806 4295 916 4344 fortasse
931 4294 985 4344 fllia
1006 4303 1046 4345 est

280 4364 438 4425 Phanagora
453 4365 479 4410 et
492 4374 558 4409 uxor
573 4360 735 4410 Alcimache.
748 4359 837 4409 Edidit
853 4369 879 4409 et
895 4361 1003 4411 Boeeuh.
1018 4361 1046 4410 in

281 4431 356 4494 Corp.
370 4445 396 4476 ιι.
413 4429 459 4476 869
474 4427 500 4486 b,
518 4433 545 4476 et
559 4427 663 4490 repetiit
677 4443 700 4475 v.
716 4427 749 4475 cl.
761 4427 925 4476 Cumanudea
940 4427 967 4476 in
982 4431 1043 4478 ’.4ττ.

279 4499 342 4559 ἐπιγ.
359 4495 473 4559 ἐπιτόμό.
486 4508 512 4541 ιι.
528 4494 575 4542 449
590 4501 616 4541 et
629 4495 660 4541 G.
675 4492 780 4542 Kaibel.
797 4509 821 4540 ιι.
837 4495 877 4541 aa.

311 4627 402 4676 XLIV.
415 4627 532 4677 Athenis.
542 4624 631 4676 Edidit
640 4624 804 4674 Cumanudes
819 4625 846 4674 iu
860 4627 955 4675 Ἀττικ.
965 4628 1044 4692 ἑπιγρ.

279 4694 393 4757 ἑπιιὺμό.
417 4694 458 4750 44,
480 4709 510 4742 ex
530 4691 666 4757 Palinpen.
685 4693 699 4740 a
720 4692 787 4756 Aug.
804 4693 876 4742 4849.
896 4692 1048 4742 Arbitratur

279 4760 318 4808 vir
336 4759 405 4810 doct.
422 4758 467 4809 ille
483 4766 679 4808 monumentum
694 4759 744 4808 hoc
761 4773 819 4807 esse
837 4759 984 4822 legatorum
1003 4759 1047 4824 qai

279 4841 347 4875 anno
360 4827 408 4874 343
426 4833 478 4875 ant.
494 4833 548 4874 nat.
567 4825 663 4874 Christ.
680 4825 798 4874 Athenas
814 4831 949 4883 venerant,
969 4846 982 4871 ιι
1004 4825 1048 4887 qni

279 4907 356 4956 opem
371 4900 519 4956 poscerent,
535 4901 585 4942 etc.
600 4911 623 4952 ιι,
641 4899 670 4941 ut
682 4891 802 4956 Xenoph.
819 4891 845 4940 in
866 4890 987 4941 Hellmaie.
1002 4893 1046 4953 Vl,

279 4959 303 5014 2,
315 4959 340 5018 9,
354 4965 454 5008 narrat.
468 4958 527 5008 Vid.
539 4967 566 5008 et
577 4957 685 5008 Diodor.
697 4958 755 5017 XV,
766 4956 807 5007 44.
821 4979 833 5004 ιι
845 4956 949 5008 Curtius
961 4965 1048 5007 autem

280 5024 476 5073 Ther-sendrum
489 5031 515 5074 et
526 5025 652 5088 Simylum
665 5025 783 5073 Athenas
797 5023 892 5073 missos
905 5039 963 5074 esse
975 5031 1049 5088 putat

280 5101 309 5138 ut
323 5099 432 5152 agerent
445 5091 477 5139 de
491 5091 635 5154 Corcyraeia
648 5089 760 5154 aliisque
779 5088 872 5140 foederi
889 5089 992 5140 marino
1009 5099 1048 5141 at·

280 5156 333 5205 tico
346 5155 487 5214 sociandis,
500 5171 561 5206 ann.
576 5159 663 5206 348-4.
678 5175 690 5200 ιι
708 5159 738 5206 G.
752 5157 784 5205 tt.
801 5173 827 5205 ιι.
841 5159 881 5205 34.

727 447 984 506 ANTIIOLOGIAE
1005 447 1154 507 GuAEcAE
1175 449 1402 510 APPENDICIS

1094 582 1235 642 Παμφυλίας
1248 599 1273 630 κ.
1287 600 1310 632 τ.
1324 585 1346 631 λ.
1363 583 1500 638 Θεοδέκτης
1511 582 1531 628 δ’
1541 576 1570 641 ἦν
1583 581 1652 642 γένος
1661 580 1802 638 Φασηλίτης
1806 613 1862 628 .....

1100 649 1231 697 ’Antaeum
1260 649 1369 706 Ἀθήνησι
1398 649 1439 697 καί
1464 649 1638 710 ἐπιγέγραπται
1660 647 1728 708 αὐτῷ
1751 646 1862 706 ἐλεγεῖον

1092 713 1160 761 τόδε·
1179 715 1243 761 ‘'llhs
1261 715 1379 778 χθὼν.....
1395 715 1440 762 Vs.
1462 715 1485 762 3.
1507 713 1597 778 Steph.
1610 714 1634 763 ἐν
1649 713 1675 760 64
1691 714 1768 776 χθὼν,
1783 712 1865 774 ἱεραῖς

1093 780 1157 841 τρεῖς
1175 779 1216 826 καὶ
1236 780 1297 829 δέκα
1319 781 1385 842 ἁμίλ.
1406 779 1544 829 Ruhnken.
1564 778 1592 827 in
1615 777 1685 827 notia
1708 777 1741 826 ad
1765 777 1864 826 Timaei

1092 845 1177 893 lexic.
1202 860 1226 908 p.
1245 847 1284 903 44,
1305 861 1345 909 sq.
1361 861 1382 894 s.
1404 861 1428 894 v.
1451 846 1581 912 ἀκήρατοι,
1603 843 1762 908 conjiciebat
1780 845 1864 904 αὐτὰρ
1912 837 1913 856 ³

1093 911 1131 958 ἐπὶ
1144 912 1232 975 χθονός
1247 909 1280 960 ὧν
1294 913 1369 976 lapsi:
1382 913 1446 976 τρισὶ
1457 911 1499 960 καὶ
1514 909 1564 976 δέχ’
1584 912 1652 972 ἀμ...
1668 908 1761 959 Pined.
1780 915 1866 958 antea

1093 975 1237 1039 scripserat
1255 978 1333 1038 αὐτὰρ
1349 978 1387 1026 ἐπὶ
1400 978 1466 1042 χθόν’
1485 976 1530 1026 ἐὼν
1545 994 1570 1024 ιι.
1593 993 1616 1024 τ.
1635 977 1658 1024 λ.
1677 975 1746 1038 quod
1759 973 1866 1036 recepit

1093 1042 1123 1090 F.
1140 1043 1171 1090 C.
1188 1043 1314 1106 Wagner.
1330 1045 1401 1092 Poet.
1419 1043 1494 1108 Τιορ.
1505 1043 1604 1107 fragam.
1619 1041 1660 1091 sd.
1671 1039 1751 1091 Didot
1762 1055 1788 1104 p.
1802 1040 1864 1088 443.

1093 1107 1230 1171 Tyrwhitti
1250 1109 1294 1158 tad
1309 1108 1420 1158 Aristot.
1437 1110 1508 1158 Poet.
1530 1125 1555 1172 p.
1575 1109 1633 1172 493)
1645 1121 1724 1172 quam
1741 1111 1802 1170 post
1819 1107 1866 1154 Ja-

1094 1176 1165 1223 cobs.
1184 1174 1222 1238 (in
1238 1175 1356 1239 Append.
1372 1191 1399 1224 n.
1416 1175 1483 1234 494),
1497 1173 1625 1231 dedimus.
1642 1171 1790 1223 emendatio
1811 1177 1863 1220 est.
1913 1221 1914 1224 ,

1093 1267 1126 1277 -
1144 1241 1190 1289 Vs.
1213 1242 1236 1289 4.
1262 1241 1352 1306 Steph.
1375 1241 1529 1306 ἀκηράτους,
1556 1239 1669 1290 Salmas.
1693 1237 1864 1296 ἀκηούκτιιυς,

1094 1306 1232 1354 Ruhnken.
1245 1307 1407 1372 hyppareum.

1127 1439 1218 1488 XLVI.
1231 1437 1307 1486 Prius
1322 1437 1453 1486 distichon
1464 1437 1577 1486 habetur
1588 1450 1630 1500 ep.
1641 1434 1719 1499 Diog.
1728 1435 1817 1485 Laert.
1831 1451 1866 1484 ex

1095 1505 1244 1566 Ambryone
1254 1503 1281 1552 in
1295 1503 1340 1552 lib.
1352 1506 1391 1553 De
1408 1505 1548 1554 Theocrito.
1559 1503 1692 1566 Integrum
1707 1501 1753 1550 dat
1764 1503 1865 1551 Euseb.

1095 1570 1122 1619 in
1138 1571 1252 1636 Prepor.
1266 1571 1366 1636 Euang.
1378 1571 1434 1628 XV,
1445 1573 1469 1628 2,
1483 1585 1508 1632 p.
1522 1570 1580 1628 493,
1589 1567 1635 1617 nbi
1645 1569 1768 1632 ριοσήμα
1778 1569 1867 1630 μνῆμα

1095 1636 1201 1699 legitur.
1214 1662 1245 1674 -·
1262 1637 1309 1686 Vs.
1326 1639 1349 1686 4.
1364 1636 1472 1686 Βιτιιιο4ι
1485 1633 1587 1685 edidit:
1609 1635 1726 1699 Ἑρμείου
1743 1634 1868 1698 εὐνούχου

1095 1719 1122 1751 τι
1135 1703 1177 1751 καὶ
1189 1720 1214 1751 α.
1228 1719 1250 1751 τ.
1264 1705 1285 1752 λ.
1299 1729 1329 1740 ·-
1370 1703 1496 1752 Testants
1512 1699 1664 1758 Plutarcho,
1679 1700 1717 1749 De
1728 1698 1799 1749 Exit.
1816 1699 1865 1756 444,

1096 1767 1198 1818 deridet
1212 1769 1367 1818 Theocritus
1381 1767 1566 1832 philosophum
1584 1765 1652 1830 quod
1672 1765 1742 1829 apud
1760 1764 1866 1828 Philip·
1915 1784 1916 1814 ι

1097 1849 1158 1898 pum
1170 1841 1196 1883 et
1210 1834 1387 1884 Alexandrum
1403 1831 1538 1883 Aristoteli
1553 1831 1632 1882 vitam
1645 1832 1740 1895 degere
1753 1831 1865 1895 placuit.
1915 1847 1916 1900 3

1104 1902 1269 1964 Ἀριστοτέλην
1288 1901 1314 1949 δὲ
1331 1901 1373 1950 καὶ
1388 1901 1544 1964 λελοιδόρηκε
1562 1899 1696 1962 Θεόκριτος
1713 1899 1813 1954 exta,
1824 1901 1868 1946 ότι
1915 1903 1916 1928 ³

1096 1969 1140 2024 τὴν
1161 1967 1228 2030 παρὰ
1246 1969 1359 2026 Φιλίππῳ
1378 1967 1419 2015 acl
1451 1965 1594 2028 Ἀλεξάνδρῳ
1613 1965 1706 2014 δίαιταν
1723 1964 1866 2024 ἀγαπήσας,

1097 2035 1174 2082 εἵλετο
1197 2031 1273 2082 ναίειν
1299 2033 1352 2082 ἀντ’
1377 2033 1521 2093 Ἀκαδημίας
1544 2031 1666 2095 βορδόρου
1690 2030 1714 2077 ἐν
1732 2031 1865 2094 προχοαῖς.

1099 2101 1172 2146 ’Ἔστι
1184 2099 1230 2163 γὰρ
1245 2100 1366 2160 ποταμὸς,
1376 2099 1431 2162 περὶ
1442 2099 1543 2154 Πέλλην,
1553 2093 1580 2146 όν
1589 2095 1729 2150 Μακεδόνες
1738 2096 1868 2160 Βόρόορον

1096 2164 1207 2214 καλοῦσι.
1222 2183 1234 2210 ιι
1248 2165 1365 2214 Acumen
1378 2163 1455 2213 estin
1471 2161 1642 2226 ambiguitate
1655 2161 1725 2210 vocis
1743 2163 1869 2224 βόρδορος
1916 2192 1917 2220 ,

1097 2244 1154 2294 quae
1167 2237 1194 2280 et
1205 2229 1310 2280 fluvium
1323 2229 1484 2279 Macedoniae
1496 2228 1637 2292 significat,
1649 2227 1793 2277 secundum
1805 2227 1870 2275 Plu·
1916 2229 1917 2294 J

1096 2296 1214 2346 tarchum
1224 2297 1243 2345 l.
1254 2311 1290 2356 c.‚
1297 2303 1323 2346 et
1332 2295 1401 2346 coeni
1411 2294 1572 2358 voraginem,
1584 2293 1630 2344 ubi
1640 2293 1730 2358 jacere
1740 2292 1868 2342 dicuntur

1097 2361 1179 2426 impii.
1195 2379 1208 2406 ι
1223 2361 1323 2413 Jacobs.
1341 2389 1372 2398 -
1390 2363 1428 2410 Vs
1453 2363 1477 2410 2.
1494 2361 1601 2410 Jacobs.
1619 2374 1625 2408 ι
1642 2363 1758 2422 μνῆμα...
1777 2359 1867 2418 δήιιεν.

1129 2503 1232 2552 XLVII.
1252 2502 1361 2552 Athenis
1381 2501 1408 2551 in
1429 2516 1536 2566 necrop.
1561 2502 1667 2566 Caram,
1686 2497 1784 2558 Edidit,
1805 2507 1871 2563 post

1097 2569 1165 2618 auat.
1178 2570 1242 2620 last.
1252 2569 1325 2619 arch.
1337 2569 1410 2630 4364,
1422 2584 1448 2633 p.
1458 2570 1500 2626 49,
1512 2567 1580 2617 batt.
1590 2567 1622 2617 de
1630 2564 1720 2616 I’Eeol.
1727 2565 1764 2628 fr.
1774 2565 1868 2616 d’Ath.
1917 2600 1918 2636 γ

1099 2639 1109 2684 4
1130 2635 1181 2684 νοί.
1201 2651 1226 2698 p.
1241 2635 1298 2694 248,
1315 2650 1340 2684 ν.
1356 2634 1390 2684 cl.
1406 2633 1580 2694 Cumanudes,
1601 2635 1689 2684 Ἀττιια
1712 2633 1792 2696 impp.
1814 2633 1870 2681 ἐπι·
1917 2677 1918 2680 ,

1097 2702 1172 2764 ariph.
1183 2703 1257 2766 pao,
1270 2717 1296 2750 ιι.
1309 2703 1367 2751 735.
1381 2699 1440 2750 Lin.
1457 2704 1479 2750 4.
1493 2702 1626 2758 Λακιάδης,
1641 2698 1751 2760 δημότης
1760 2700 1869 2753 Λαιιίας·

1097 2769 1188 2828 Λακία,
1205 2769 1282 2830 δῆμος
1302 2769 1345 2826 τῆς
1365 2763 1477 2824 Οἰνηίδος
1498 2769 1582 2828 φυλῆς.
1602 2793 1634 2802 ·-
1655 2766 1703 2815 Va.
1722 2766 1747 2814 3.
1765 2765 1871 2828 ἡνίοχος

1097 2851 1120 2882 τ.
1141 2851 1179 2899 τρ.
1196 2833 1352 2898 metaphora
1367 2831 1553 2883 usitatissima.
1574 2831 1613 2882 Cf.
1634 2828 1763 2880 Simonid.
1782 2829 1868 2879 Arath.

1098 2899 1172 2950 l’len.
1190 2900 1212 2958 Ι,
1228 2901 1243 2949 2
1261 2915 1267 2949 :
1284 2901 1491 2961 Παλαισμοσόνας
1511 2898 1586 2954 δεξιόν
1603 2899 1717 2961 ἡνίοχονς
1740 2910 1868 2959 anonym.

1098 2965 1183 3029 epigr.
1198 2966 1313 3016 Brunck.
1327 2964 1404 3016 Διταὶ.
1418 2971 1437 3016 t.
1453 2965 1498 3014 lll.
1517 2980 1544 3029 p.
1564 2965 1611 3014 264
1628 2979 1634 3013 z
1652 2963 1784 3027 Τιμόθεον,
1797 2966 1870 3012 κιδιί-
1918 3008 1919 3030 ,

1098 3050 1141 3098 ρας
1156 3032 1232 3087 δεξιὸν
1252 3032 1358 3096 ἡνίοχον,
1376 3049 1402 3080 ιι.
1432 3049 1453 3081 τ.
1476 3034 1526 3082 λ.ιι
1547 3030 1685 3080 Macareus
1703 3027 1797 3078 histrio
1818 3028 1871 3078 fuit

1098 3097 1223 3162 tragicus.
1240 3119 1252 3142 u
1268 3099 1299 3150 G.
1318 3099 1348 3148 44.

1130 3239 1247 3290 XLVIII.
1265 3239 1388 3303 Athenia-
1401 3253 1508 3302 necrop.
1520 3238 1624 3288 Coram.
1641 3235 1712 3286 Butt.
1729 3237 1761 3287 de
1775 3221 1871 3286 theol.

1097 3307 1135 3368 fr.
1148 3304 1296 3366 d'Athtnea,
1312 3308 1324 3355 1
1337 3307 1389 3356 vol.
1403 3321 1429 3370 p.
1446 3307 1509 3366 243ς
1523 3303 1584 3354 inde
1598 3301 1704 3368 repetiit
1717 3303 1757 3354 St.
1774 3304 1874 3352 Cuma-

1098 3373 1181 3421 nudea
1201 3374 1263 3422 Ἀττ.
1279 3373 1358 3435 ἐπιγρ.
1372 3371 1488 3434 δπιτύμδ.
1505 3386 1530 3446 p.
1547 3373 1604 3429 444,
1620 3385 1646 3418 ιι.
1661 3369 1720 3418 858.
1734 3396 1765 3406 -
1781 3369 1829 3418 Vs.
1845 3371 1872 3418 3.

1099 3438 1216 3492 Μελιτεὺς
1235 3452 1251 3487 a
1275 3437 1378 3500 Melita,
1395 3451 1464 3502 pago
1483 3438 1567 3486 tribus
1589 3433 1716 3486 (Eneidis.
1734 3462 1765 3472 -
1785 3435 1834 3485 Vs.
1858 3437 1873 3484 4

1099 3503 1165 3553 nihil
1185 3502 1238 3552 nisi
1261 3501 1362 3554 incerta
1384 3502 1495 3568 vestigia
1519 3509 1648 3567 superest.
1673 3521 1684 3546 ιι
1707 3501 1791 3550 Vetus
1814 3501 1874 3565 epi·

1100 3584 1219 3634 gramma
1231 3570 1255 3618 in
1271 3585 1328 3619 voc.
1341 3573 1420 3619 ιιεῑται
1431 3570 1550 3619 desinere
1564 3569 1674 3618 adfirmo
1690 3567 1765 3616 testis
1780 3569 1874 3616 ocula-

1100 3646 1150 3686 tus.
1165 3656 1177 3682 ν
1195 3637 1224 3684 G.
1242 3637 1274 3684 tt.

1131 3768 1223 3818 XLIX.
1252 3769 1369 3818 Marmor
1400 3767 1571 3844 Elginianum
1598 3765 1644 3817 ubi
1672 3771 1807 3830 repertum
1839 3767 1876 3816 sit

1100 3850 1151 3884 non
1175 3841 1292 3894 constat;
1321 3833 1391 3884 edid.
1417 3836 1535 3886 Vrscont.
1564 3833 1676 3898 synope.
1703 3845 1771 3882 mus.
1801 3833 1873 3882 Brit.

1101 3917 1126 3965 p.
1150 3902 1207 3960 434,
1222 3916 1248 3949 ιι.
1269 3902 1330 3960 tte;
1355 3901 1454 3951 Osann.
1476 3899 1542 3964 Syll.
1565 3915 1591 3963 p.
1613 3899 1660 3948 442
1684 3911 1739 3962 sq.;
1759 3897 1874 3949 Jacobs.

1099 3965 1204 4018 Anthol.
1221 3965 1278 4016 rat.
1293 3975 1311 4016 t.
1328 3967 1373 4026 lll,
1391 3983 1418 4033 p.
1433 3969 1491 4026 969,
1508 3982 1535 4016 ιι.
1551 3967 1610 4015 tta.
1627 3963 1744 4030 Repetiit
1757 3964 1875 4014 Boeclrh.

1101 4033 1179 4097 Corp.
1201 4034 1279 4084 inser.
1300 4049 1353 4098 ρετ,
1375 4049 1402 4082 ιι.
1421 4032 1495 4082 3648.
1518 4059 1548 4068 -
1572 4031 1619 4080 Vs.
1645 4031 1669 4080 3.
1690 4028 1771 4094 Lapis
1792 4031 1878 4082 hahet

1095 4101 1208 4150 aruum
1243 4098 1340 4160 Amic,
1365 4099 1432 4149 unde
1461 4100 1550 4162 Ἀγνής
1568 4125 1598 4134 -
1621 4097 1668 4147 Vs.
1684 4097 1709 4145 4.
1731 4097 1762 4146 4ιι
1782 4097 1878 4162 lapide

1099 4167 1143 4224 τῆς
1157 4165 1247 4230 (ΤΗΣ),
1266 4167 1336 4230 quod
1352 4165 1527 4216 retinendum.
1546 4185 1558 4208 ιι
1575 4163 1703 4212 Metriche
1714 4168 1801 4212 mater
1817 4165 1877 4214 Dii·

1100 4233 1211 4296 trephen
1229 4238 1256 4280 et
1273 4230 1403 4281 Periclem
1421 4247 1436 4281 e
1453 4230 1534 4289 Zoilo,
1554 4229 1647 4280 deinde
1663 4228 1833 4294 Hagneidem
1851 4239 1879 4280 et

1099 4299 1308 4362 Demophontem
1321 4295 1493 4348 ehletrodoro
1506 4295 1561 4345 viro
1571 4301 1734 4359 susceperat.
1750 4295 1878 4346 Alterum

1099 4372 1186 4414 tamen
1201 4363 1331 4480 disticlhfon
1346 4363 1459 4414 sonasse
1472 4371 1533 4428 post
1544 4363 1636 4412 matris
1650 4369 1763 4411 mortem
1778 4362 1879 4412 inscul-

1101 4437 1209 4496 ptum.»
1227 4430 1258 4480 G.
1301 4465 1308 4478 .

1133 4562 1164 4613 L.
1189 4561 1260 4612 Vari.
1285 4561 1324 4612 st.
1342 4561 1375 4611 A.
1400 4561 1545 4611 Cumauud.
1568 4562 1629 4609 ἶ4ττ.
1652 4558 1732 4624 ἐπιγρ.
1755 4559 1878 4625 teretes.

1101 4643 1127 4694 p.
1144 4630 1243 4688 aean.
1265 4629 1338 4678 3463.
1357 4627 1449 4677 -Vs.
1475 4631 1498 4677 4.
1522 4625 1634 4690 Scripsit
1656 4628 1821 4690 Μνησαγόρα.
1847 4657 1879 4666 -

1101 4695 1147 4744 Vs.
1170 4696 1194 4744 2.
1215 4694 1338 4758 ἀφείλετο,
1356 4693 1493 4759 prohibuit
1516 4708 1538 4742 s.
1562 4692 1666 4742 invidit.
1689 4690 1771 4756 Lapis
1796 4694 1880 4744 hahet

1095 4761 1257 4812 ΑΦΕΛΕΤΟ.
1272 4787 1303 4798 -
1318 4760 1365 4810 Vs.
1380 4760 1404 4820 4,
1418 4758 1445 4808 4ιι
1456 4758 1543 4824 4ορ4ι4ιι
1558 4761 1628 4807 Em.
1643 4785 1673 4794 —
1687 4757 1815 4808 Clausula
1830 4761 1878 4810 ho·

1102 4841 1211 4876 meraca.

1137 4959 1180 5008 Ll.
1204 4958 1319 5010 Athenis.
1347 4959 1446 5008 Damus
1472 4974 1502 5008 er
1526 4973 1550 5006 ν.
1574 4959 1607 5007 cl.
1633 4958 1781 5009 Cumanud.
1812 4961 1878 5008 Ἆττ.

1104 5027 1183 5092 intpp.
1204 5025 1319 5088 ἐπιτύμδ.
1337 5040 1363 5090 p.
1383 5027 1442 5087 295,
1465 5041 1491 5073 ιι.
1509 5025 1585 5084 atta,
1599 5023 1643 5088 qui
1663 5025 1714 5074 duo
1733 5023 1880 5088 distinguit

1104 5093 1253 5159 τετράστιχα
1279 5092 1467 5157 ἐπιγράμματα,
1495 5092 1571 5140 bonae
1589 5089 1696 5154 quidem
1718 5090 1818 5140 aetatis.
1847 5119 1878 5126 —

1104 5158 1150 5207 Vs.
1168 5160 1193 5207 5.
1214 5157 1306 5207 Chium
1328 5156 1416 5207 vinum
1438 5157 1507 5221 apud
1528 5163 1630 5207 veteres
1659 5157 1877 5214 celeberrimum,

1106 5225 1203 5288 dequo
1222 5223 1275 5274 vid.
1299 5223 1368 5274 inter
1387 5225 1484 5273 multos
1499 5221 1543 5287 qui
1564 5223 1714 5282 laudavere,
1734 5223 1836 5272 Athen.
1856 5225 1877 5283 l,

317 5289 395 5338 XLV.
416 5289 506 5338 Exstat
527 5303 570 5353 ap.
584 5289 675 5352 Steph.
690 5289 750 5353 Byr.
771 5306 792 5338 s.
810 5305 833 5338 ν.
851 5291 966 5348 Φασηλίς,
984 5292 1052 5345 πόλις
1077 5347 1080 5356 Ι
1108 5293 1139 5340 26
1159 5307 1165 5340 :
1182 5291 1329 5355 θεόπομπος
1347 5291 1373 5340 δέ
1388 5307 1456 5354 φησι,
1469 5291 1535 5352 παρὰ
1550 5290 1621 5346 Χίοις
1639 5291 1747 5356 πρώτοις
1761 5291 1878 5350 γενέσθαι
