3818 6012
28 1897 30 1956 l

602 458 642 518 IN
664 458 791 518 CAPUT
811 457 823 516 I
845 455 1079 516 ANNOTATIO.

76 589 169 668 pucella
183 590 311 666 Nicopoli,
325 609 377 644 non
390 593 424 644 ad
442 591 496 642 Nili
516 589 624 643 ostium.
644 587 691 637 sed
710 587 736 636 iu
755 588 812 651 ipso

75 663 242 734 httere'mans.
269 659 339 708 Hinc
366 660 463 722 colligo
498 667 602 722 poetam
629 671 682 704 non
707 658 813 718 ποταμῲ

75 739 192 790 scripsisse,
209 725 254 774 sed

123 849 192 892 Τοῦτο
206 837 246 886 aul
258 836 283 884 iu
299 834 384 895 πόντῳ
394 831 437 879 καὶ
451 831 489 879 ἐπὶ
498 828 595 895 χθονί...

28 943 30 1010 ί
98 977 146 1024 Hac
159 969 222 1021 enim
237 963 288 1015 sibi
310 960 424 1012 invicem
445 956 542 1022 opponi
562 956 657 1006 solent.
678 974 692 1000 ν
705 956 763 1005 duc.
783 983 815 993 -

28 1063 29 1066 ¹
76 1043 213 1106 Epigramma
230 1043 320 1083 mmen
337 1030 475 1080 ἀδέσποτον
489 1023 558 1089 quod
577 1039 601 1072 a.
622 1039 645 1070 ν.
662 1024 696 1071 cl.
716 1023 816 1071 Brunet

76 1111 98 1158 le
113 1109 187 1158 Presle
204 1107 342 1164 acceptum
362 1095 473 1152 edimus,
498 1093 577 1140 habet
599 1105 636 1138 vs.
663 1092 686 1138 l.
712 1091 814 1138 Μέσσον

28 1195 29 1202 ¹
77 1175 198 1238 ἑμὼῲαρίης
210 1169 286 1227 ἀκτῆς
300 1163 428 1226 στόματός
443 1177 470 1210 τε
485 1159 607 1208 Κανώπου
621 1175 646 1206 κ.
662 1173 685 1204 τ.
703 1158 725 1204 λ.
740 1155 815 1213 Quod

28 1259 29 1280 ι
79 1245 118 1291 tide
128 1241 184 1290 inter
197 1233 355 1286 ἐπιδεικτικά.

28 1335 30 1410 Ξ
102 1387 260 1436 CXVIIExtat
268 1399 313 1448 ap.
324 1383 425 1432 Athen.
434 1382 468 1439 X,
478 1381 535 1435 llll,
545 1393 604 1426 cum
613 1375 794 1425 hoclemmate
808 1388 814 1420 :

28 1463 30 1504 ζ
80 1455 173 1506 enarro:
184 1453 202 1500 δ’
212 1453 236 1501 ἐν
250 1452 303 1506 τοὶς
315 1449 485 1512 ἐπιγράμμασι
494 1445 600 1508 γυναῖκα
614 1457 669 1490 τινα
681 1440 816 1504 ἀναγράφει

28 1559 30 1600 ρ
80 1520 188 1576 rotmiro,
202 1520 272 1568 Κλεὼ
290 1520 384 1579 ὄνομα·
406 1513 575 1580 Χρυσιοτὸν...
596 1507 665 1572 quod
690 1505 718 1554 in
738 1507 815 1554 breue

28 1617 29 1620 =
81 1585 177 1635 contraxit
188 1585 259 1634 Hier.
274 1585 373 1634 Bosch.
388 1579 479 1630 Floril.
499 1578 543 1628 Gr.
564 1575 683 1624 Manlius.
703 1573 727 1622 II
748 1587 754 1619 :
778 1572 818 1626 til:

28 1663 29 1678 ³
81 1653 155 1714 pariat
166 1669 215 1700 τινα
228 1651 373 1700 πολυπότιν.
393 1676 424 1684 -
438 1649 483 1696 Vs.
498 1646 522 1692 2.
538 1643 617 1706 vulgo
631 1640 695 1700 τῷδε
714 1643 815 1695 Διον...,

28 1713 30 1770 l
81 1721 138 1770 Ilei.
151 1719 256 1767 correxit
275 1717 440 1774 Casaubon.;
461 1739 489 1748 -
504 1711 549 1759 Vs.
572 1711 596 1757 l.
615 1705 685 1770 vulg.
700 1706 745 1754 οὐδ
757 1705 818 1766 ’ἅμα

82 1805 114 1844 en,
123 1784 256 1835 emendavit
272 1784 357 1848 Toup.

105 1917 815 1984 txtttt.Halicarnarsimewron,venumdatus.96,

84 1995 174 2070 ii3unde
184 1995 213 2043 G.
228 1993 334 2052 Kaibel,
345 1993 453 2058 Epiprr.
466 1991 522 2050 Ga,
535 1997 585 2040 etc.
601 2005 628 2038 n.
642 1989 699 2037 182.
716 1984 817 2036 Prioris

84 2062 162 2112 chloris
186 2069 243 2112 eunt
260 2059 457 2126 supplementa.
480 2086 509 2095 —-
530 2057 577 2106 Vs.
603 2059 625 2105 I.
648 2053 715 2118 lapis
739 2053 819 2101 habet

85 2125 526 2210 t.t¹¹'q1...eNtrorTOAnnrttt.
541 2152 570 2160 -
585 2124 631 2172 Vs.
648 2124 671 2171 5.
690 2141 702 2166 ι
721 2119 820 2168 Ρτοιιο-

85 2212 200 2271 menecea,
211 2195 234 2245 si
247 2202 320 2245 recte
333 2195 451 2254 haberet,
463 2190 611 2240 nominatos
620 2187 700 2238 tuisse
713 2187 821 2236 doceret

86 2263 173 2338 murres
184 2263 215 2312 ad
225 2261 365 2312 miuimum
377 2261 442 2320 duo;
456 2259 527 2310 nullo
538 2265 628 2307 autem
638 2253 749 2304 artificio
762 2265 820 2301 ver-

87 2346 113 2378 uu
125 2339 196 2404 terno,
206 2328 251 2378 ubi
266 2336 341 2393 patet
353 2329 456 2386 lacuna,
472 2327 522 2376 duo
534 2323 673 2373 incluseris
685 2319 823 2372 hominum

86 2411 175 2470 ιιοιτιιιις
190 2409 250 2446 nam
259 2398 358 2460 πατέρα
371 2410 424 2444 non
438 2391 578 2445 hominem.
593 2389 638 2438 sed
651 2389 730 2438 deum
745 2385 822 2436 Intel-

88 2462 189 2527 ligendum
205 2477 263 2513 esse
278 2477 323 2512 res
342 2460 402 2525 ipsa
424 2460 529 2509 clamat.
546 2455 670 2522 Sequitur
685 2471 709 2503 ν.
728 2457 752 2503 5.
773 2450 824 2500 ini·

88 2547 183 2597 hannon
194 2548 248 2598 sine
259 2546 325 2596 vitio
338 2543 465 2596 traditum
477 2557 534 2592 esse
547 2531 747 2598 ΟΥΤΟΙΚΑ
765 2535 776 2596 Ι
785 2529 800 2614 s
809 2545 821 2601 Ι

92 2638 128 2699 ΛΕ
144 2637 370 2716 ΚΑΜΟΝΤΟ,
394 2660 446 2710 quo
458 2643 571 2700 sublato,
588 2641 646 2690 haec
661 2635 782 2689 tentam:

28 2753 29 2806 Ῐ
113 2771 166 2836 alise
178 2771 228 2836 πρὶν
241 2771 358 2828 ἐξανύσαι
372 2769 457 2835 niuei]
473 2768 514 2818 ναὶ
526 2767 600 2832 πατρὶ
613 2765 696 2829 ἐπείγῃ

136 2848 189 2911 ῑῑφᾶ,
201 2847 263 2911 sak]
275 2849 348 2905 λαιῆς
359 2848 426 2908 βαῖνε
438 2843 486 2909 [δι’]
500 2842 649 2902 uiuacitas·

113 2914 286 2988 οὖ[ρ1ο1νγ]ιί[ρ]
302 2920 328 2986 μ’
341 2921 464 2984 ἐκάμοντο
478 2935 502 2967 ιι.
519 2934 542 2966 τ.
557 2921 580 2966 λ.

91 3031 208 3106 911ρο1οτ
222 3029 317 3094 Priapi
340 3027 487 3078 Mercurius
511 3032 550 3076 est
573 3023 681 3089 ejusque
702 3021 832 3073 sacellum

92 3101 223 3172 ugnrficatur
242 3115 266 3146 τ.
292 3094 414 3146 tiverbis
433 3093 533 3159 βωμοὺς
559 3091 709 3155 συγγενέων.
739 3089 831 3152 ltaque

91 3174 191 3238 statorem
201 3163 345 3230 alloquitur
358 3161 471 3224 Priapus
485 3160 623 3224 vitansque
633 3175 666 3208 ne
680 3173 729 3223 per
740 3156 832 3205 hortos

92 3241 129 3304 ner
139 3239 234 3296 quaerat,
247 3241 351 3280 rectam
364 3227 434 3277 viam
448 3233 591 3286 monstram
608 3223 733 3289 additque
756 3221 832 3286 quasi

90 3313 186 3372 jocatus:
205 3297 226 3348 si
240 3306 332 3347 tamen
346 3294 499 3360 priusquam
513 3291 564 3342 iter
580 3289 747 3356 persequaris
766 3287 833 3338 mihi

94 3373 186 3438 patrique
194 3379 297 3414 sacram
309 3361 349 3411 vis
360 3374 469 3426 operam
481 3358 642 3424 impendere,
657 3373 704 3423 per
715 3357 764 3407 hos
779 3356 834 3405 sru-

93 3429 192 3504 ucelel.
209 3432 289 3482 tnta.
306 3429 380 3479 Plan.
395 3427 513 3487 111,236)
531 3425 670 3475 molestam
688 3439 752 3474 sane
766 3423 837 3472 viam

93 3499 203 3560 ngredsre
211 3500 243 3549 ad
252 3497 454 3554 sinistramrme
465 3493 536 3544 enim
548 3493 684 3542 custodem
694 3496 838 3556 posuerunt

93 3565 240 3616 ethortorum
253 3571 282 3615 et
298 3563 381 3628 patris
394 3577 456 3612 arro.
474 3581 486 3604 ν
503 3561 533 3610 G.
553 3563 583 3610 n'.

120 3707 191 3756 CXIX.
206 3707 255 3772 Ap.
272 3703 414 3755 Eutocium
431 3701 613 3752 Ascalonitam
631 3703 660 3752 in
675 3699 839 3751 Archimedis

95 3773 196 3836 spheram
212 3777 237 3823 ct
252 3772 413 3836 cylindrum,
436 3785 461 3834 p.
481 3771 522 3827 22,
539 3771 581 3820 ed.
603 3767 686 3819 Basil.
708 3769 782 3825 1511,
805 3766 838 3815 ad

96 3839 173 3888 calcem
196 3839 323 3905 Epistolae
353 3835 538 3887 Eratosthenis
564 3836 598 3886 ad
621 3835 837 3890 Ptolemaeum...,

97 3905 147 3953 unde
167 3906 320 3956 discimus«
340 3904 513 3970 problematis
541 3903 573 3952 de
588 3904 655 3952 cubo
679 3899 840 3966 dupIIeando

28 4009 29 4044 3
99 3971 229 4022 mentionem
243 3970 362 4038 primum
378 3969 503 4036 injectam
520 3985 578 4018 esse
595 3969 623 4018 iu
637 3968 783 4032 tragoedIa3
794 3967 840 4017 ubi

99 4053 143 4086 cum
151 4039 226 4090 llinos
241 4040 344 4088 Glauco
358 4036 413 4087 illio
429 4037 578 4102 sepulcrum
595 4033 692 4086 exstrui
706 4036 792 4094 vellet,
810 4034 843 4082 is·

28 4129 30 4136 ·
101 4119 143 4166 que,
156 4104 191 4154 cui
209 4108 258 4156 boc
275 4103 413 4170 negotium
429 4103 601 4168 imposuerat,
620 4102 738 4161 dixisset,
757 4097 841 4150 moni·

103 4185 196 4247 uentum·
210 4185 316 4223 centum
338 4185 535 4236 quaquaversus
559 4170 654 4234 pedum
675 4167 740 4228 sore,
756 4165 843 4215 Minos

103 4239 228 4316 respondit:
248 4237 348 4305 Μικρὸν
365 4235 387 4298 γ’
401 4237 480 4294 ἔλεξας
497 4233 626 4301 βασιλικοῦ
648 4234 726 4294 σηιιὸν
745 4233 841 4295 τάφου·

102 4303 335 4380 ιιτ1ιιτιοςέοτω·τοι”ν
346 4305 425 4354 κίνδου
434 4305 461 4354 δὲ
470 4305 502 4369 μὴ
512 4304 606 4366 σφαλῆς
615 4299 842 4365 (Eurip.Polyid.).

104 4369 176 4421 Postea
187 4373 254 4424 Idem
271 4372 411 4437 problema
420 4372 505 4421 denuo
520 4361 685 4436 prop'ositum
699 4373 739 4416 est
752 4363 844 4423 Deliis,

103 4439 251 4515 carnosos
275 4437 408 4504 Apollinis
431 4454 506 4489 aram
530 4433 667 4502 duplicare
687 4434 805 4499 jubente.
832 4451 844 4475 ν

105 4523 115 4544 ε
126 4503 237 4580 Describit
249 4515 329 4571 poeta
337 4507 387 4580 hoc
397 4504 522 4567 carmine,
532 4503 723 4555 difficilioribus
734 4500 848 4550 allorum

105 4583 194 4635 termus,
212 4572 447 4638 simplicissrmam,
464 4587 543 4636 quarn
563 4572 620 4637 ipse
642 4565 846 4633 excogitaverat,

107 4639 248 4698 problematis
268 4639 339 4689 illius
362 4638 480 4688 solvendi
497 4638 637 4689 rationem.
667 4629 796 4689 Utcbatur
815 4631 848 4680 ad

105 4708 399 4784 eamreminstrumento
420 4708 547 4772 quodam,
569 4707 607 4757 ita
628 4704 801 4758 concinnato,
823 4702 850 4745 ut

107 4783 149 4832 etus
160 4788 202 4849 ope
213 4785 282 4850 inter
294 4774 360 4824 duas
375 4773 451 4825 datas
465 4775 548 4825 lineae
561 4772 655 4824 mediae
666 4766 850 4834 proportiona-

107 4835 135 4886 les
151 4838 265 4891 facillimo
288 4840 393 4906 negotio
413 4841 525 4909 reperiri
539 4845 656 4907 possent.
677 4837 733 4884 Hoc
756 4832 853 4881 Instru-

108 4913 200 4957 mentum
219 4909 325 4974 publice
346 4910 374 4959 in
393 4913 492 4978 templo
512 4907 658 4972 suspendit,
681 4896 854 4968 inscriptione

28 5029 29 5032 =
109 4970 185 5047 alata,
198 4993 248 5043 qua
265 4977 324 5043 01⁹¹ss
335 4997 413 5032 usum
429 4977 544 5030 breviter
558 4974 737 5024 declararet.»
757 4965 813 5013 Iac.
827 4961 856 5009 Si

110 5053 154 5101 ΨΜ
168 5045 196 5095 (10
214 5047 265 5098 hac
297 5049 443 5118 quaestiorm
463 5047 539 5112 plura
553 5039 625 5098 velit,
648 5035 726 5088 adeat
754 5027 855 5080 Theod.

111 5105 203 5166 Reimeri
224 5119 388 5188 peculiarem
412 5115 518 5166 librum.
536 5111 576 5161 De
595 5103 654 5157 cuti
671 5096 856 5164 duplicatione,

110 5173 204 5250 Glllting.
221 5191 294 5249 1198,
318 5189 356 5248 80,
376 5183 422 5234 ubi
442 5181 530 5248 ipsum
549 5165 733 5226 Eratosthenis
752 5173 859 5212 carmen

111 5247 233 5320 eutalium
248 5263 290 5308 est
306 5270 340 5306 ao
357 5249 426 5303 notis
443 5248 614 5298 illustratum.
629 5234 690 5285 Vid.
704 5231 732 5278 et
754 5227 859 5278 Jacobs.

115 5317 238 5374 lnAntbol.
254 5323 328 5386 Lips.
343 5315 499 5370 Animaduv.
515 5315 533 5358 t.
549 5306 571 5358 1.
584 5304 614 5364 P,
625 5301 660 5362 Il.
670 5295 717 5352 ubi
730 5293 861 5362 quoddam

28 5379 29 5430 l
114 5377 212 5438 Reimeri
222 5387 283 5440 libri
295 5385 454 5442 breslarium
467 5388 594 5445 habebis.

1602 448 1638 506 Il

903 589 981 638 CXX.
1003 587 1139 638 Plutarch.
1157 586 1185 636 in
1206 583 1298 645 Arato,
1319 585 1358 634 ll.
1377 604 1390 629 ιι
1416 579 1575 644 Inscriplum
1599 579 1648 628 luit

868 657 918 703 lroc
934 654 1099 719 epigramma
1118 661 1212 702 statum
1235 667 1264 700 ex
1285 666 1346 710 aerc,
1372 651 1405 698 ab
1427 647 1556 706 exulibus,
1583 661 1648 710 quos

868 723 967 770 Aratus
988 727 1166 780 revocaverat,
1187 717 1211 768 ei
1238 717 1381 766 collocatae.
1407 736 1419 760 ν
1443 716 1500 764 lac.
1524 741 1553 748 -
1575 714 1607 762 V.
1622 715 1647 762 6.

870 788 940 851 vulg.
951 787 1047 850 δαῖμον’
1062 786 1115 837 ἴσον
1129 803 1159 836 eu
1171 783 1288 834 ilenrico
1299 777 1559 846 Steplran03antiqq.
1574 779 1648 829 editt.
1717 797 1722 808 ·

869 857 967 919 δαίμονι
986 857 1034 918 σῷ,
1049 855 1118 904 unde
1135 852 1240 920 Reiske
1250 852 1354 914 δαίμονα
1371 849 1426 906 σόν,
1448 848 1539 897 Solan.
1563 847 1649 910 δαιμο-

870 925 933 981 νίην.
952 921 1051 972 Reiske
1068 918 1182 984 conjecit
1196 917 1286 974 etiam,
1304 917 1383 979 δᾶμον
1399 913 1452 963 ιὀον
1469 913 1487 962 i.
1508 930 1531 961 e.
1545 914 1589 970 τὴν
1600 915 1649 961 τῶν

870 989 1136 1105 ρημοτῶννῐσρτητα.
1169 983 1338 1048 Proponebat
1369 981 1476 1030 Jacobs.
1515 980 1650 1044 ἁρμονίαν,
1678 1042 1680 1046 ¹

886 1073 936 1106 ttav
950 1075 973 1106 t.
991 1075 1020 1104 (tl.
1036 1071 1087 1104 Ευν.

906 1199 996 1248 CXXI.
1008 1197 1095 1260 Prope
1104 1194 1259 1244 Atalantam
1272 1190 1375 1246 urbem,
1389 1188 1415 1237 in
1430 1184 1551 1235 Locride.
1564 1181 1654 1232 Edidit

873 1282 902 1315 ex
919 1265 949 1313 O.
969 1265 999 1312 P.
1016 1264 1167 1312 Stomatace
1180 1258 1272 1322 Steph.
1288 1256 1321 1304 A.
1345 1251 1512 1303 Cumanudes
1531 1249 1558 1298 in
1573 1249 1652 1298 Athe-

873 1346 927 1382 nao
950 1345 990 1392 gr.
1012 1343 1074 1378 ann.
1091 1328 1112 1386 Ι,
1138 1335 1155 1375 t.
1175 1326 1195 1384 I,
1217 1339 1242 1388 p.
1260 1323 1320 1372 tet.
1350 1349 1377 1358 -
1403 1320 1449 1370 Vs.
1472 1320 1496 1368 l.
1518 1317 1655 1382 ἀρνύμενος

872 1399 975 1448 videtur
990 1394 1033 1444 hic
1046 1393 1139 1444 eodem
1154 1406 1233 1441 sensu
1247 1387 1332 1454 accipi
1352 1403 1403 1452 quo
1423 1386 1492 1451 apud
1507 1385 1586 1433 Hom.
1604 1382 1653 1431 Od.

873 1467 905 1525 A,
923 1468 950 1514 5:
964 1463 1103 1530 ἀρνύμενος
1118 1463 1147 1520 ἦν
1169 1476 1196 1507 τε
1211 1459 1291 1522 ψυχὴν
1318 1456 1360 1504 ναὶ
1382 1453 1472 1503 νόστον
1492 1452 1607 1516 ἑταίρων.
1623 1476 1653 1484 -

873 1535 919 1581 Vs.
932 1534 982 1581 t-t.
998 1532 1082 1586 locus,
1098 1535 1126 1576 ut
1142 1525 1252 1580 ridetur,
1272 1531 1422 1586 corruptus,
1435 1517 1481 1569 ubi
1498 1518 1560 1583 quid
1576 1515 1656 1564 velint

874 1600 955 1648 verba
965 1597 1114 1658 isauricus
1128 1594 1170 1640 καὶ
1180 1591 1262 1656 τρίτον
1283 1585 1470 1648 1ππήων,1ιαιιά
1486 1585 1552 1636 satiS
1563 1583 1653 1648 ltquet.

876 1693 905 1701 —
921 1665 967 1713 Vs.
983 1666 1007 1712 I.
1029 1659 1101 1710 vocis
1116 1659 1230 1724 ἀχά).ινος
1246 1671 1297 1705 non
1319 1656 1431 1705 alterum
1447 1653 1497 1702 hoc
1515 1665 1594 1702 sensu
1612 1664 1657 1698 no-

874 1731 958 1781 vimus
980 1727 1139 1792 exemplum.
1161 1753 1191 1760 -
1210 1725 1255 1772 Vs.
1277 1725 1302 1782 9,
1330 1720 1372 1770 hic
1395 1719 1508 1784 primum
1534 1722 1654 1781 apparet,

875 1805 954 1848 antea
972 1795 981 1845 i
1002 1805 1101 1854 notum,
1129 1788 1294 1841 Nicesiohori
1320 1803 1424 1837 nomen.
1449 1813 1478 1820 -
1500 1785 1547 1833 Vs.
1572 1784 1601 1830 tt
1622 1781 1657 1831 ad

877 1865 955 1914 fidem
975 1861 1044 1912 ntuli
1063 1859 1190 1924 pertinet;
1206 1853 1362 1907 testimonia
1386 1851 1456 1903 enim
1479 1848 1657 1914 cujuscunque

877 1929 983 1996 generis
999 1929 1160 1978 vocabantur
1170 1925 1272 1979 πίστεις.
1353 1923 1355 1928 “

912 2063 1013 2116 CXXII.
1046 2060 1180 2111 Atalante.
1209 2057 1250 2106 ed.
1272 2051 1456 2105 Wachsmuth.
1475 2051 1543 2099 Mus.
1573 2047 1653 2096 aren.

879 2132 985 2192 XXVII,
1002 2129 1060 2179 611.

915 2265 1006 2316 CXIII.
1018 2261 1097 2314 lindi
1109 2257 1267 2310 Rhodiorum
1279 2254 1307 2304 in
1317 2269 1386 2304 arce.
1395 2251 1443 2301 Ed.
1457 2247 1568 2299 Rossius
1576 2243 1655 2294 Arcti.

881 2335 958 2397 Aafs.
974 2332 1007 2390 II,
1023 2332 1081 2388 6119,
1097 2325 1172 2390 cujus
1185 2330 1246 2373 sunt
1261 2321 1452 2388 supplementa.

917 2473 1037 2526 CXXIV.
1051 2469 1143 2520 Refert
1153 2467 1203 2516 hoc
1212 2464 1377 2530 epigramma
1385 2457 1545 2510 Plutarchus
1557 2454 1589 2503 de
1598 2457 1662 2504 Pue-

884 2559 937 2594 ror.
957 2541 1071 2591 Educet.
1089 2540 1133 2587 20.
1154 2533 1218 2584 Inde
1233 2529 1377 2596 repetierat
1392 2523 1493 2577 Bonad.
1518 2520 1661 2586 Aatbolog.

885 2627 910 2676 p.
929 2611 987 2669 121,
1003 2606 1119 2656 Brunclr.
1136 2599 1218 2652 Amal.
1233 2599 1278 2657 III,
1295 2613 1320 2661 p.
1339 2596 1395 2653 tta,
1413 2608 1439 2642 n.
1462 2603 1560 2640 cnxvtn
1574 2593 1601 2636 et
1618 2587 1664 2634 Ja-

885 2677 958 2726 cobs.
975 2672 1094 2737 Append.
1108 2669 1200 2734 Epipr.
1215 2681 1242 2714 n.
1263 2665 1319 2712 182.
1334 2662 1456 2724 Εὐρυδίκη
1481 2654 1583 2722 Ἰλλυρὶς
1601 2646 1665 2704 οὖσα

885 2743 928 2792 οιαὶ
952 2741 1127 2806 τριὸάρῦαρος,
1149 2737 1218 2798 ὅμως
1242 2731 1280 2779 ἐπὶ
1302 2736 1331 2794 τῇ
1355 2729 1458 2789 μαθήσει
1481 2725 1530 2772 τῶν
1558 2722 1663 2778 τέκνων,

887 2811 934 2872 ὀψὲ
944 2809 987 2868 τῆς
997 2808 1092 2864 ἡλικίας
1105 2805 1188 2862 ἥψατο
1199 2798 1318 2851 παιδείας.
1335 2793 1404 2844 Ρ1ιι1.
1417 2821 1446 2829 -
1460 2792 1496 2840 Vs
1522 2793 1548 2839 l.
1569 2810 1581 2836 α
1595 2787 1666 2837 Urbs

887 2874 985 2938 Illyriae
1001 2869 1154 2936 Hierapolis
1166 2884 1198 2916 er
1211 2866 1322 2914 hocuno
1338 2867 1440 2910 tantum
1451 2859 1517 2918 loco,
1532 2855 1561 2906 ni
1578 2854 1664 2910 fallor,

889 2941 996 3008 cognita
1011 2947 1064 2990 est.
1079 2958 1092 2983 ν
1107 2935 1208 2987 Jacobs.

924 3081 1031 3133 CXXV.
1042 3080 1071 3128 In
1085 3073 1194 3126 Acltuite
1206 3073 1264 3122 vico
1280 3069 1350 3135 quii
1365 3067 1434 3116 ιιοίτω
1444 3060 1536 3134 ΙἈχαία
1546 3067 1665 3119 vocatur,
1685 3119 1687 3124 Ι

891 3148 987 3200 veteris
1007 3147 1097 3210 Dyma
1118 3145 1191 3202 loco;
1204 3136 1285 3189 edidit
1306 3134 1476 3197 Rhangabes,
1501 3131 1579 3189 2218,
1600 3126 1669 3176 unde

892 3219 926 3267 G.
942 3213 1046 3265 Kaibel.
1057 3213 1163 3277 upiqrr.
1177 3224 1217 3274 pr.
1239 3207 1300 3254 790.
1318 3201 1369 3250 Hic
1384 3199 1458 3250 titulo
1474 3199 1560 3247 lucem
1575 3195 1670 3245 allerre

893 3290 967 3348 putat
977 3279 1139 3332 Pausaniam
1151 3275 1209 3334 VII,
1221 3273 1260 3326 II,
1272 3271 1297 3329 8,
1310 3267 1378 3332 quod
1393 3282 1440 3332 pro
1451 3280 1512 3314 vero
1521 3261 1670 3312 halendum

893 3356 933 3399 est
951 3347 983 3407 si,
1002 3353 1032 3397 ut
1061 3341 1183 3395 Kaibelio
1204 3341 1300 3404 placet,
1326 3349 1384 3398 quae
1407 3333 1439 3382 de
1461 3333 1581 3381 Sostrato
1607 3326 1671 3376 dicit

893 3422 993 3474 auctor,
1017 3414 1049 3462 de
1068 3411 1228 3472 Polystrato,
1248 3399 1366 3454 confusis
1380 3399 1449 3448 inter
1462 3413 1490 3446 se
1511 3392 1669 3452 nominibus,

894 3481 1095 3546 intelligendum
1116 3469 1270 3524 credideris.
1292 3467 1393 3525 Quibus
1407 3472 1496 3516 autem
1510 3456 1672 3538 argumentis

895 3565 971 3600 suam
984 3547 1123 3597 confirmat
1138 3538 1289 3605 opinionem
1306 3533 1457 3588 Kaibelins,
1471 3529 1578 3579 videsis.
1593 3523 1672 3574 itit-

895 3626 958 3667 teres
980 3629 1041 3664 cum
1065 3605 1244 3660 Macedonicae
1270 3617 1348 3666 quam
1376 3604 1472 3648 vocant
1495 3593 1581 3644 estatis
1610 3589 1672 3652 sint,

895 3690 956 3734 ante
969 3695 1067 3730 annum
1081 3677 1129 3726 298
1145 3672 1259 3736 scriptus
1273 3668 1366 3719 titulus
1381 3667 1491 3725 videtur,
1507 3677 1558 3727 quo
1569 3657 1675 3725 quidem

896 3765 965 3801 anno
987 3747 1052 3797 urbs
1074 3742 1152 3792 fldem
1168 3737 1292 3803 Philippo
1310 3733 1367 3798 regi
1390 3739 1521 3782 servatam
1541 3727 1673 3776 Romano-

895 3833 955 3868 rum
970 3811 1070 3866 excidio
1089 3809 1187 3866 luebat,
1205 3805 1243 3855 eis
1258 3807 1347 3855 autem
1365 3815 1422 3865 ques
1434 3796 1553 3862 proxIme
1571 3799 1675 3842 antece·

897 3886 962 3934 dunt
994 3875 1158 3942 temporibus
1191 3870 1292 3921 crebris
1317 3869 1444 3918 Eleorum
1473 3861 1675 3922 AEtolorumque

897 3945 1093 4000 incursionibus
1113 3941 1270 4006 petebantur
1285 3933 1389 3999 Dymaei
1400 3935 1550 3992 frustraque
1565 3925 1675 3976 Aratum

898 4015 996 4068 auxilio
1017 4011 1157 4064 vocabant.
1178 4007 1262 4056 donec
1284 4018 1346 4053 ann.
1363 4001 1410 4050 219
1430 4012 1489 4048 cum
1508 3991 1575 4053 Elei,
1594 3989 1677 4042 Ticho

898 4081 1009 4133 castello
1020 4091 1102 4144 prope
1114 4075 1216 4138 Dyman
1228 4070 1279 4120 sito
1297 4073 1385 4132 capto,
1397 4065 1454 4131 jam
1471 4061 1522 4127 ipsi
1538 4057 1595 4109 urbi
1609 4055 1677 4106 obsi·

899 4149 1005 4200 dionem
1028 4143 1207 4197 minarentur,
1228 4133 1455 4188 mercenariorum
1476 4142 1554 4178 manu
1575 4129 1675 4182 coactu,

899 4215 1025 4280 Philippo
1038 4226 1102 4274 rege
1115 4203 1212 4258 auxilio
1232 4201 1364 4260 veniente,
1382 4201 1471 4250 hostes
1487 4191 1600 4244 feliciter
1607 4189 1678 4252 luga-

899 4291 993 4331 verunt
1010 4289 1142 4341 agrosque
1161 4285 1252 4321 eorum
1270 4265 1388 4333 ingressi
1404 4265 1585 4314 vastaverunt.
1603 4256 1678 4305 Hanc

900 4351 1013 4398 sortasse
1026 4341 1163 4392 victoriam
1180 4333 1324 4399 Polystrati
1347 4346 1434 4396 operae
1448 4327 1610 4384 tribuebant,
1623 4319 1677 4384 qui,

900 4422 930 4464 ut
942 4411 1006 4463 olim
1023 4405 1155 4466 Herculis,
1171 4403 1208 4452 ita
1229 4399 1325 4450 civium
1349 4405 1404 4446 tum
1419 4389 1581 4460 παραστάτης
1599 4385 1677 4437 exsti-

902 4481 991 4538 tisset;
1007 4473 1108 4540 gratias
1123 4477 1212 4522 autem
1228 4467 1376 4516 relerentes
1394 4461 1468 4512 heroi
1484 4465 1587 4506 veteres
1606 4467 1680 4503 reno

901 4548 1000 4596 vabant
1017 4543 1147 4598 honores,
1165 4535 1339 4596 restitutoque
1365 4529 1462 4579 sacello
1482 4523 1526 4576 diu
1548 4521 1677 4586 neglecto,

904 4612 1009 4662 titulum
1038 4605 1231 4668 inscripserunt
1255 4599 1282 4648 in
1306 4597 1345 4648 rei
1378 4597 1442 4644 bene
1474 4599 1556 4656 gestae
1580 4601 1678 4638 memo-

904 4680 1003 4730 riam...
1018 4692 1031 4718 ν
1046 4672 1077 4722 G.
1092 4671 1123 4720 K.
1143 4696 1173 4705 -
1189 4669 1288 4715 Versus
1306 4660 1435 4712 trochaici
1451 4669 1520 4709 sunt.
1535 4683 1565 4692 -
1584 4655 1635 4704 Vs.
1653 4653 1678 4701 3.

904 4745 1018 4794 sortasse
1027 4737 1168 4803 legendum
1180 4732 1273 4796 δαμείς.

941 4884 1055 4936 CXXVI.
1066 4879 1184 4938 Athenis,
1203 4877 1236 4925 ad
1251 4875 1320 4924 viam
1332 4874 1359 4923 in
1376 4875 1480 4926 Arcem,
1494 4871 1521 4918 in
1539 4879 1679 4916 marmore.

909 4953 985 5004 Edid.
999 4947 1127 5000 Dodwell.
1137 4945 1199 4995 Itia.
1216 4949 1266 4994 etc.
1284 4949 1302 4990 t.
1324 4941 1344 4998 l,
1357 4956 1381 5004 p.
1397 4941 1454 4996 318,
1467 4935 1560 4986 deinde
1572 4930 1680 4982 Boeclrlt.

910 5021 938 5070 in
952 5021 1030 5082 Corp.
1043 5023 1062 5065 t.
1077 5015 1099 5074 l,
1110 5029 1136 5062 u.
1152 5011 1214 5070 4113
1233 5009 1277 5074 qul
1293 5022 1383 5056 rursus
1399 5001 1523 5056 tractavit
1541 5000 1569 5049 in
1582 4997 1683 5048 Adden-

911 5088 961 5146 die,
981 5101 1011 5134 n.
1038 5085 1123 5132 lllb:
1148 5077 1218 5126 «Ex
1236 5091 1274 5124 vs.
1299 5075 1323 5122 l.
1352 5071 1448 5122 medici
1468 5072 1581 5120 honores
1603 5063 1683 5115 luisse

911 5151 1035 5216 conjicio,
1051 5147 1093 5197 cui
1107 5152 1195 5196 statua
1214 5141 1312 5202 dicata,
1329 5155 1387 5203 quae
1407 5145 1498 5202 utpote
1518 5132 1614 5200 insigni
1628 5135 1684 5180 arte

914 5221 1051 5270 elaborata
1067 5215 1152 5279 τέχνας
1172 5211 1245 5274 τέρας
1263 5205 1316 5256 (1ίοί
1340 5205 1450 5254 videtur.
1469 5202 1581 5254 »Barth
1598 5197 1684 5248 Aliter

914 5283 1030 5336 restituit
1043 5283 1093 5332 hoc
1108 5277 1272 5343 epigramma
1285 5274 1320 5324 G.
1340 5269 1484 5330 IIaibelius,
1496 5267 1601 5332 Epiprr.
1614 5280 1656 5330 pr.
1670 5275 1684 5310 e

916 5353 970 5419 Iup.
984 5347 1052 5404 conl.
1069 5363 1097 5412 p.
1116 5345 1174 5406 eto,
1189 5357 1216 5393 n.
1233 5341 1281 5389 tls
1296 5353 1303 5386 ι
