3858 6018
265 385 321 442 230

344 512 447 568 conjugii
458 513 553 564 vlndex,
564 513 627 556 ultor
636 513 743 556 adulterii
754 528 760 557 ι

318 571 405 608 eterno
413 565 503 621 pollens
512 578 570 618 εενο,
581 572 713 622 aeternaque
720 565 827 620 juventa,

344 630 388 661 nso
399 619 441 662 Isti
453 631 537 674 passus
549 626 662 674 tempora,
673 631 715 662 nec
726 621 796 664 senii.

298 740 380 790 LXVI
393 740 506 790 -LXVIL
532 761 545 787 ιι
562 741 667 800 Nestor,
680 741 756 792 Nelei
765 741 834 792 filius
847 751 873 793 et
887 741 1028 801 Chloridis,

266 806 335 856 inter
351 809 477 869 ἡμιθέους,
493 801 535 862 οὓς
554 808 582 856 ἐκ
603 808 668 857 θείου
683 808 725 858 καὶ
741 811 893 874 ἀνθρωπίνου
912 811 1030 874 σώματος

267 873 339 935 φύναι
351 874 473 936 λέγουσιν,
483 873 582 922 censeri
596 889 648 922 non
660 880 755 939 potest.
769 875 937 927 Prselersnda
950 875 1030 940 igitur

267 939 354 999 lectio,
380 953 459 1004 quam
476 938 589 988 servavit
606 939 759 990 Eustathius
781 957 807 1005 p.
826 943 885 1002 2⁰6,
907 945 1028 1009 φέρτατον

266 1007 374 1070 ἡμερίων
396 1006 532 1070 [optimum
552 1005 895 1072 unumdiemdurantt'uml
914 1009 955 1058 Ad
973 1009 1030 1058 haec

268 1071 336 1130 enim
358 1072 409 1122 duo
424 1071 451 1120 in
471 1071 609 1121 Nestorem
630 1070 821 1136 epigrammata
839 1074 955 1140 respicit,
972 1089 1030 1139 quae

267 1137 402 1188 memoris)
415 1138 493 1202 lapsu
503 1152 552 1202 pro
564 1153 616 1188 uno
631 1138 711 1188 habet
728 1153 734 1188 :
750 1141 818 1197 δηλοῖ
832 1142 858 1190 tt
870 1143 913 1200 τὴν
928 1139 973 1190 τοῦ
988 1140 1030 1202 γε’-

268 1221 354 1270 ροντος
366 1205 465 1270 ἀρετὴν,
481 1205 523 1253 καί
536 1204 565 1252 τό
576 1204 609 1260 είς
623 1205 698 1256 αὐτόν
706 1206 807 1256 παλαιόν
817 1207 958 1272 ἐπίγραμμα
971 1208 1030 1272 ὅπερ

267 1271 310 1320 καί
322 1271 621 1336 φέρτατουὴμερίων
633 1271 696 1331 λέγει
709 1273 794 1332 αὐτὸν,
808 1274 850 1323 καί
866 1274 1028 1338 βοθύνουν,

268 1337 310 1387 καί
322 1337 420 1452 ψυχΒὴν
435 1337 571 1451 ίνήσώματι
584 1337 667 1386 θείαν
681 1337 1031 1404 ίχοντακαὶόνδραᾰγα-

268 1404 328 1452 θόν.
345 1421 358 1448 ν
394 1417 486 1453 trena.

300 1523 420 1574 LXVIII«
433 1521 598 1582 Antilochus,
606 1523 675 1588 patri
687 1523 715 1574 in
727 1541 815 1590 pugna
825 1541 883 1574 cum
894 1527 1033 1576 Memnone

269 1589 394 1670 auxilium
410 1590 506 1646 serens,
521 1589 675 1666 occubuisse
689 1589 785 1668 dicitur
798 1606 840 1656 ap.
857 1593 965 1642 Pindar.
985 1593 1035 1708 Pp·

270 1659 330 1708 thro.
345 1657 390 1716 VI,
408 1656 439 1706 2⁸
454 1671 512 1721 sqq.
534 1656 586 1706 Sed
600 1656 704 1706 diversa
722 1657 770 1706 Imt
790 1657 859 1722 apud
879 1665 981 1708 veteres
1018 1674 1033 1708 e

268 1721 402 1773 Antilochi
420 1729 504 1772 morte
523 1721 639 1772 traditio.
660 1742 672 1768 ν
695 1721 797 1774 Jacobs.
818 1723 882 1774 Tria
902 1725 958 1774 haec
982 1722 1035 1790 epi-

269 1795 425 1853 grammata,
446 1789 478 1838 de
500 1789 611 1838 Nestore
632 1789 683 1838 duo
703 1788 800 1854 priora,
821 1796 1034 1854 postremumque

269 1857 301 1906 de
314 1855 454 1906 Antilocho
468 1853 634 1905 commiscuit
651 1852 679 1904 in
692 1870 772 1904 unum
786 1856 919 1906 Ausonius
934 1857 1012 1918 (VIlI)
1026 1871 1032 1905 :

322 1945 862 2054 Httttt‘ttttttlttttlitttt‘lffl
872 1947 934 1999 ...t-

322 2053 415 2150 Olqp'leclt
424 2033 477 2096 s’ese
486 2051 555 2116 oqius
566 2063 608 2108 pro
617 2059 689 2094 morte
702 2057 835 2108 peremptus

372 2119 416 2159 ms,
429 2113 454 2149 et
465 2112 513 2149 nau
524 2105 621 2148 vulnere
634 2105 688 2147 vlvo
699 2110 774 2160 peter.

322 2160 399 2204 Eheu!
412 2171 454 2202 cur
462 2159 517 2202 tatis
529 2157 651 2214 disponere
659 2158 694 2200 sic
717 2157 779 2200 lacet
787 2170 871 2208 serum,

347 2219 395 2256 tam
404 2212 506 2267 longum,
517 2215 544 2254 ut
555 2209 629 2260 nobis,
644 2217 691 2254 tam
702 2171 784 2263 breve,
796 2217 822 2254 ut
835 2211 975 2255 Antilocbot

302 2333 438 2385 thx.1te
451 2331 617 2414 Agapenore,
633 2331 710 2380 Hom.
730 2331 762 2380 tt.
780 2331 811 2391 B,
827 2333 885 2394 609)
904 2347 910 2382 :
928 2335 984 2382 Τῶν
1001 2331 1035 2396 (οἳ

270 2399 487 2532 {qepw'ssppqqdmv
500 2415 525 2445 ει.
543 2412 566 2444 τ.
586 2397 620 2460 λ.)
632 2391 688 2462 ἦρχ’
711 2399 831 2460 Ἀγκαίοιο
851 2400 917 2459 πάϊς,
946 2401 1034 2466 κρείων

305 2599 384 2648 LXX.
415 2594 622 2660 Amphimachus
638 2599 665 2643 et
683 2595 777 2644 Diores
798 2609 840 2660 ap.
856 2597 933 2646 Hom.
951 2596 982 2648 11.
1004 2597 1035 2659 Β,

271 2667 319 2714 θθθ
332 2679 390 2728 sqq.
406 2669 466 2712 sunt
480 2660 548 2709 inter
560 2659 711 2709 Graecorum
722 2661 801 2710 duces
816 2677 822 2710 :
838 2677 948 2726 quorum
963 2661 1037 2727 prior

226 2749 229 2758 ·
271 2726 485 2847 ρένωίῖίρθοοερρὲεέείιί.
498 2727 532 2784 N,
549 2725 614 2789 485),
629 2725 787 2789 posteriora
804 2727 868 2778 Plro
881 2727 922 2794 (Il.
935 2733 964 2788 Δ,
977 2729 1036 2796 tlt)

303 2927 395 2978 LXXI.
419 2923 547 2990 Thalpius
557 2929 584 2974 et
593 2923 747 2986 Polyxenus,
759 2926 883 2975 Eleorum
892 2925 976 2990 priuci
980 2941 1034 2991 pes,

271 2995 298 3044 In
311 2993 387 3044 Iliad.
399 2993 430 3053 B,
446 2993 504 3052 620,
521 2992 578 3040 62³.

304 3125 409 3175 LXXII.
441 3123 542 3238 Mopse,
558 3120 651 3185 Phylei
672 3121 741 3172 lilius
764 3139 795 3173 ex
815 3138 905 3174 sorore
923 3123 1035 3188 Ulyssis,

272 3193 323 3242 dux
333 3188 470 3240 Dulichius
494 3187 651 3247 ortissimus,
664 3188 742 3238 Iliad.
757 3189 789 3247 Β,
801 3190 907 3240 ort-tat
920 3197 946 3240 et
956 3189 1036 3252 elibi3

272 3258 300 3306 in
319 3253 458 3320 Polygnoti
472 3255 563 3304 tabula
577 3255 702 3318 (Paussn.
715 3255 748 3317 X,
763 3269 826 3314 xxv,
842 3257 866 3320 2)
886 3256 1038 3307 vulneratur

272 3325 306 3375 ab
320 3322 432 3372 Admeto
447 3320 547 3385 Meges.

308 3450 565 3504 LXXIII-LXXIV.
578 3469 588 3498 ι
602 3447 711 3520 Ulysses
720 3447 799 3502 ofilio
809 3446 947 3515 Telegono
960 3445 1044 3498 inter-

274 3523 370 3590 fectus,
382 3523 409 3573 in
419 3521 536 3573 insulam
547 3521 668 3589 AEnesm,
698 3535 761 3572 uam
774 3521 849 3585 νῆσον
861 3521 904 3582 τῆς
914 3516 1046 3586 Τυρρηνίας

273 3591 443 3646 voeatschol.
456 3591 484 3643 in
499 3590 593 3662 θάνεν.
601 3593 624 3661 Ι,
671 3631 677 3657 ,
706 3599 846 3660 eportetus
857 3585 1044 3710 ibiquesepul·

274 3677 318 3718 tus
327 3673 379 3734 est,
387 3661 538 3716 seeundum
549 3661 697 3732 Hyginum,
708 3659 772 3713 rat.
783 3677 905 3726 exorrens
918 3659 1020 3728 iosque.
1032 3678 1042 3706 ι

306 3785 409 3835 LXXV.
418 3783 534 3834 Dederat
542 3783 691 3848 Stephanus
701 3783 847 3845 Εὐαίμονος,
860 3782 904 3833 sed
915 3799 947 3834 εκ
960 3782 1037 3834 Iliad.

274 3853 306 3910 B,
327 3853 374 3901 6³⁸
394 3849 574 3914 reponendum
593 3847 641 3898 luit
671 3849 837 3914 Ἀνδραίμονος
858 3850 995 3900 :strumo
1017 3851 1037 3900 δ’

273 3919 356 3981 ἠγεῖτο
372 3917 446 3976 Θόας,
467 3914 711 3979 ’λνδραίμονοςυίός

306 4047 422 4099 LXXVI.
433 4045 570 4098 Distichon
578 4045 628 4096 hoc
637 4051 677 4096 est
687 4045 756 4112 apud
767 4046 911 4098 Diodorum
923 4046 1039 4098 Siculum

275 4117 318 4180 (V,
333 4115 384 4178 79),
398 4127 449 4178 quo
461 4119 577 4170 auctore,
592 4112 730 4178 legebatur
747 4112 775 4162 in
788 4121 956 4164 monumento
971 4114 1039 4178 quod

275 4183 299 4232 δν
321 4187 351 4247 τῇ
373 4181 470 4242 Κνωσῷ
492 4179 656 4228 δεικνύουσιν.
680 4178 760 4228 Addit
782 4179 852 4230 idem
876 4181 915 4230 ότι
935 4180 1040 4236 τούτους

275 4247 423 4312 (Ἰδομενῆα
439 4243 481 4294 καὶ
496 4244 637 4309 Μηριόνην)
654 4248 687 4301 ὡς
697 4246 782 4311 ἥρωας
800 4247 921 4309 ἐπιφανεὶς
937 4246 1039 4308 τιμῶσιν

275 4317 298 4363 ol
316 4314 414 4378 Κρῆτες
433 4311 607 4375 διαφερόντως,
622 4309 721 4366 θύοντες
733 4312 775 4361 καί
794 4314 858 4362 κατὰ
875 4311 934 4368 τοὺς
951 4313 975 4361 ίν
990 4312 1041 4367 τοῖς

273 4381 390 4438 πολέμοις
410 4376 538 4432 κινδύνους
556 4376 742 4440 ίπικαλούμενοι
760 4378 874 4442 βοηθούς.
895 4405 925 4414 -
945 4378 992 4428 Vs.
1015 4380 1039 4426 l.

274 4445 352 4496 Diod.
366 4445 445 4493 habet
456 4443 513 4506 δρα,
528 4456 588 4492 cum
600 4440 687 4493 Vatic.
703 4443 761 4492 cod.
777 4451 803 4494 et
817 4445 866 4504 ἐγώ
879 4459 972 4508 τοιμτο
984 4441 1038 4502 τού,

275 4511 343 4578 quod
366 4507 462 4559 retinet
484 4507 647 4572 Bruncldus,
673 4507 786 4574 positum
815 4525 863 4574 pro
894 4507 971 4559 edroi
994 4525 1041 4559 seu

275 4593 377 4628 τουτου.

307 4704 435 4754 LXXVII.
446 4703 484 4752 De
493 4702 655 4768 Tlepolemo,
665 4700 827 4752 Rhodiorum
832 4703 905 4762 duce,
913 4703 1040 4766 preeclare

275 4769 391 4835 loquitur
411 4771 490 4819 Hom.
511 4767 543 4818 11.
563 4769 595 4828 Β,
613 4770 675 4829 tem
698 4783 715 4819 a
732 4767 884 4834 Sarpedone
902 4767 1039 4819 occiditur.

276 4837 306 4886 Il.
323 4837 354 4896 Β,
370 4837 417 4886 θδδ
431 4849 488 4899 sqq.
502 4835 583 4893 «Qua
591 4833 747 4885 auctoritate
759 4833 846 4884 Rhodi
856 4837 973 4900 sepultus
982 4851 1040 4886 csse

275 4903 388 4962 dicatur,
401 4901 505 4966 ignoro.
521 4919 534 4944 ν
547 4899 648 4952 Jacobs.

309 5033 449 5084 LXXVIII.
462 5031 596 5095 Deipylus,
612 5033 729 5082 Stheneli
744 5030 843 5083 amicus
862 5031 888 5082 in
908 5032 984 5082 Iliad.
1007 5033 1039 5092 Β,

278 5101 335 5160 325,
345 5101 377 5150 ab
389 5099 530 5150 Aristotele
550 5101 680 5174 Ὀρμένιος
688 5105 804 5158 vocatus,
816 5097 869 5148 sive
877 5099 1040 5162 abOrmeno,

276 5165 428 5228 Amyntoris
444 5173 529 5230 patre,
548 5165 682 5224 oriundus,
702 5164 755 5214 sire
776 5181 806 5214 ex
825 5164 958 5225 Ormenio,
976 5166 1041 5215 urbe

277 5231 421 5284 Thessaliae
434 5233 468 5282 ab
481 5232 594 5282 Ormsno
608 5231 722 5282 condita.

715 381 972 443 ANTHOLOGIAE
993 382 1145 444 GRAEGAE
1164 383 1392 444 APPIINDICIS

1911 241 1912 282 l

1911 287 1912 334 l

1113 515 1230 566 LXXIX.
1243 515 1382 574 Homerus,
1396 515 1427 566 Il.
1441 517 1472 578 B,
1487 517 1545 576 674,
1557 518 1590 568 de
1600 517 1680 569 NIreo
1696 533 1704 568 a

1114 609 1213 675 Νιρεὺς,
1234 609 1346 670 ’Amatne
1357 611 1409 666 υίὸς
1421 611 1551 674 Χαρόποιό
1564 612 1586 660 τ’
1598 611 1714 672 ἄνακτος,
1911 615 1912 676 )

1116 677 1211 758 Νρρείρς,
1225 673 1252 730 ὃς
1264 677 1392 754 κάλλιστος
1404 678 1463 761 ἀνὴρ
1473 678 1522 759 ὑπὸ
1534 679 1609 727 Ἴλιον
1620 674 1691 760 ἦλθεν
1911 685 1912 766 ρ

1116 759 1164 790 των
1178 745 1255 792 αλλων
1269 746 1379 800 Δαναων,
1397 759 1442 805 μετ
1460 743 1577 808 &popone
1592 747 1730 802 Πηλείωνα.
1911 767 1912 816 p

1116 875 1219 951 LXXX.
1233 874 1383 954 Iunguqtur
1399 889 1443 992 ap.
1455 875 1533 926 Hom.
1544 875 1576 926 Il.
1590 876 1621 925 B.
1634 877 1691 935 θ7θ,
1703 873 1861 940 Phidippus

1083 947 1110 990 et
1119 941 1250 1016 Antiphus
1260 941 1388 989 θεσσαλου
1398 961 1412 991 υ
1424 960 1436 991 ε
1447 943 1498 992 δύω
1515 943 1676 1007 *Ηρακλείδσο
1691 941 1812 998 ἄνακτος.
1826 969 1859 978 -
1911 951 1912 1014 l

1084 1007 1122 1056 CI.
1134 1007 1211 1056 mod.
1226 1021 1272 1057 sic.
1289 1007 1321 1065 V,
1336 1007 1377 1065 54,
1392 1011 1415 1058 t.
1911 1021 1912 1056 t

1117 1138 1233 1189 LxxxJ.
1248 1137 1357 1188 Lemma
1370 1153 1413 1205 ap.
1431 1138 1571 1191 Grotium:
1590 1140 1646 1190 Ἐπὶ
1664 1141 1788 1206 Ἀχιλλέως
1805 1157 1860 1188 κει·

1085 1207 1161 1270 μένον
1173 1205 1198 1254 tv
1206 1205 1292 1268 Τροίῃ,
1306 1207 1447 1269 τιμωμένου
1459 1205 1487 1255 δλ
1497 1207 1540 1256 καί
1550 1207 1575 1257 ίν
1586 1207 1669 1272 Λεύκῃ
1678 1213 1710 1270 τῇ
1719 1208 1803 1268 νήσῳ.
1816 1206 1860 1253 Ab
1911 1221 1912 1258 t

1086 1273 1164 1322 Hom.
1184 1270 1231 1322 Od.
1252 1272 1283 1330 n,
1306 1272 1335 1320 tt
1355 1286 1413 1337 sqq.
1437 1270 1550 1322 Achillis
1574 1287 1646 1322 mors
1670 1279 1808 1328 narratur,
1834 1278 1862 1319 et

1086 1338 1221 1402 sepulture
1233 1337 1296 1402 ἀκτῇ
1309 1337 1348 1387 επὶ
1356 1339 1512 1404 προύχούσῃ,
1525 1339 1563 1388 ἐπί
1575 1340 1660 1388 πλατεῖ
1679 1338 1861 1398 Ἑλλησπόντῳ

1087 1405 1120 1466 (ν.
1136 1403 1191 1466 82);
1211 1404 1354 1454 secundum
1372 1403 1440 1454 alios
1458 1410 1485 1454 et
1502 1404 1604 1457 Arctin.
1629 1405 1747 1481 AEths'op.
1772 1404 1860 1453 Hom.

1087 1469 1305 1534 Dicetptatb,
1339 1469 1416 1520 uibus
1429 1469 1558 1522 assentire
1572 1469 1674 1520 videtur
1684 1470 1860 1528 Aristoteles,
1911 1477 1912 1538 t

1087 1537 1204 1652 sepultus
1218 1551 1235 1586 s
1244 1483 1354 1651 'ghetide
1365 1543 1449 1588 matrs
1463 1536 1587 1614 ininsula
1598 1537 1720 1613 [quaein
1732 1537 1860 1614 Propoq-

1087 1609 1412 1728 t..t.⁸‚¹tt.t.‚‘¹t².ntt
1430 1604 1660 1735 Itttltttth
1673 1607 1863 1720 titum:

1088 1751 1114 1800 p.
1127 1734 1803 1797 tm.ct.SuidametPhot.Ler.,1²euesn.111,xrx‚
1819 1737 1859 1782 ll.
1911 1757 1912 1782 ι

1088 1829 1120 1840 -
1132 1803 1179 1851 Vs.
1195 1802 1220 1850 Β.
1239 1800 1367 1866 correpta
1380 1800 1467 1852 media
1481 1801 1509 1851 in
1524 1803 1663 1868 Προποντίς
1674 1801 1777 1865 syllaba
1793 1799 1860 1848 vitio

1088 1867 1237 1928 manifesto,
1248 1866 1363 1932 conjecit
1372 1869 1481 1918 verbum
1495 1869 1545 1918 hoo
1556 1868 1696 1918 Jacobsius
1708 1883 1739 1916 ex
1754 1867 1860 1933 glosse-

1087 1941 1159 1984 mate
1170 1931 1318 1999 irrepsisse.

1090 2136 1119 2214 θθ
1135 2149 1175 2199 sq.
1189 2133 1261 2182 Idem
1272 2139 1299 2182 st
1308 2133 1435 2182 narrabat
1446 2133 1581 2194 Arctinus‚
1598 2135 1616 2182 l.
1630 2148 1653 2183 c.

1122 2266 1262 2316 LXXXIII.
1283 2264 1361 2314 Hom.
1383 2263 1417 2314 it.
1441 2266 1472 2314 77
1497 2263 1596 2315 indicat
1619 2264 1773 2316 Patroclum
1799 2277 1859 2313 cum
1911 2297 1912 2330 ρ

1911 1817 1912 1854 l

1911 1855 1912 1900 ι

1911 1903 1912 1936 l

1122 2067 1249 2117 Lxxxn.
1265 2067 1416 2131 ’repetem
1428 2066 1449 2115 ε’
1459 2067 1480 2116 ε.
1493 2069 1525 2116 n.
1539 2067 1568 2116 m
1582 2082 1612 2116 ex
1622 2067 1747 2116 uomere.
1763 2065 1815 2116 oe.
1826 2066 1858 2124 o,

1911 2153 1912 2184 l

1089 2332 1192 2384 Achille
1205 2347 1262 2382 esse
1275 2329 1417 2381 conditum.

1123 2465 1262 2541 LXXXIV.
1280 2465 1415 2540 Nusquam
1431 2478 1474 2542 ap.
1488 2465 1566 2514 Hom.
1579 2469 1741 2540 memoratur
1755 2462 1858 2512 Podar·
1911 2471 1912 2562 ρ

1090 2546 1143 2590 ces,
1154 2531 1259 2581 Actoris
1274 2531 1352 2580 lllms.
1365 2531 1396 2580 In
1409 2529 1486 2581 ίίεσιί.
1502 2531 1533 2592 Β,
1545 2532 1593 2580 704
1611 2537 1637 2580 et
1647 2531 1710 2580 alibi
1724 2529 1859 2578 Podarces

1090 2603 1131 2647 est
1144 2597 1226 2648 frater
1236 2596 1321 2646 minor
1334 2595 1485 2656 Protesilai,
1498 2604 1524 2648 et
1535 2596 1629 2661 Iphicli
1643 2595 1721 2646 illius.

1124 2718 1252 2769 LXXXV.
1265 2717 1304 2766 De
1315 2715 1427 2766 Philoct.
1443 2717 1522 2766 IIom.
1541 2714 1574 2765 Il.
1589 2716 1622 2775 B,
1635 2715 1684 2765 748
1696 2729 1757 2780 sqq.
1911 2719 1912 2784 )

1124 2850 1263 2901 LXXXVI.
1283 2849 1321 2898 De
1333 2849 1451 2925 'Eumslo
1474 2847 1510 2899 id.
1532 2848 1596 2898 idid.
1618 2847 1678 2897 744.
1697 2845 1751 2899 Ubi
1763 2855 1858 2923 'autem
1911 2791 1912 2848 l

1092 2917 1209 2983 sepultus
1227 2915 1482 2991 suerit,1gnoratur;
1503 2914 1597 2991 PherIq
1612 2921 1702 2964 tamen
1716 2913 1859 2963 verisimile
1911 2951 1912 2980 ,

1091 2991 1141 3044 est,
1156 2982 1300 3033 Thessaliae
1312 2983 1386 3039 urbe,
1400 2995 1458 3045 quae
1472 2981 1516 3030 hic
1528 2982 1653 3045 quuitur.
1911 2991 1912 3002 ³

1124 3115 1275 3166 LXXXVII.
1291 3111 1440 3162 Podalirius
1453 3119 1479 3162 st
1495 3112 1635 3170 Machaon,
1650 3110 1800 3177 AEscnlapii
1812 3110 1858 3160 filii

1091 3199 1134 3249 ap.
1150 3183 1228 3232 Hom.
1242 3179 1273 3231 Il.
1288 3179 1319 3241 B,
1332 3181 1380 3230 729
1394 3193 1451 3244 sqq.
1467 3193 1473 3228 :
1489 3175 1513 3228 oi
1526 3181 1547 3228 δ’
1561 3173 1628 3245 είχον
1643 3180 1786 3244 Τρίκκην...

1123 3313 1287 3363 LXXXVIII.
1298 3331 1311 3358 ιι
1324 3311 1374 3361 Illo
1386 3327 1438 3361 non
1461 3311 1603 3378 Ὀρχομένῳ
1617 3309 1723 3376 scripsit
1730 3308 1859 3359 Aristole·

1090 3378 1360 3496 ρεέεἰὶειραὲίολρρενίῳ,
1376 3384 1405 3427 ut
1425 3385 1538 3443 apparet
1556 3393 1588 3427 ex
1607 3378 1714 3427 Homer.
1731 3375 1810 3426 Iliad.
1827 3375 1857 3430 Β,

1123 3577 1264 3628 LXXXIX.
1283 3577 1313 3626 In
1331 3575 1408 3628 Iliad.
1422 3577 1454 3636 Β,
1467 3577 1515 3626 tm
1530 3581 1557 3626 et
1573 3577 1621 3626 tte
1639 3569 1819 3624 memorantur
1832 3571 1858 3621 hi
1911 3573 1912 3632 l

1091 3643 1140 3694 viri
1152 3644 1213 3694 duo.
1227 3642 1287 3718 Vid.
1302 3649 1328 3692 et
1341 3642 1368 3692 in
1381 3643 1486 3718 Νόστῳν
1500 3643 1594 3706 fragm.
1608 3641 1755 3718 iq'IIomer.
1769 3639 1856 3712 Didot,
1911 3671 1912 3710 t

1092 3709 1569 3840 ttIllsllhttttlttttttm
1583 3713 1857 3758 ⁸⁰⁰¹¹⁸⁸¹²¹⁸¹ffl⁰⁸ffl
1911 3719 1912 3738 '

1092 3908 1303 4026 Killaxlllomer.
1319 3905 1350 3956 Il.
1371 3907 1402 3964 Β,
1427 3907 1486 3957 748.
1508 3905 1547 3956 De
1561 3907 1653 3956 Guneo
1674 3903 1734 3955 tide
1755 3903 1855 3954 Auson.

1112 3991 1163 4040 ps.
1226 3989 1233 4023 ι

1145 4069 1227 4112 osnes
1236 4071 1320 4122 pontus
1330 4064 1409 4111 habet.
1418 4063 1522 4108 tumulus
1532 4063 1582 4107 siue
1595 4073 1690 4119 corpore
1700 4075 1782 4106 nomen

1171 4119 1234 4163 lama
1245 4118 1348 4162 hommes
1358 4119 1430 4170 luten
1440 4117 1523 4160 coelum
1534 4117 1625 4160 anianus
1635 4118 1727 4172 repetit.

1126 4241 1192 4292 XCI.
1222 4240 1261 4289 De
1292 4239 1419 4297 Prothoe,
1446 4237 1643 4302 Magnesiorum
1675 4237 1751 4296 duce,
1781 4237 1855 4286 Ilom.
1911 4221 1912 4274 l

1094 4307 1128 4358 ib.
1144 4309 1193 4357 756
1213 4320 1271 4369 sqq.
1289 4333 1319 4342 -
1342 4325 1355 4350 υ
1370 4302 1507 4354 DIsticbon
1525 4304 1575 4352 hoc
1593 4303 1741 4366 respexisse
1758 4302 1857 4352 videtur

1094 4371 1257 4431 Eustathius,
1273 4387 1299 4436 p.
1319 4372 1359 4430 II,
1374 4369 1429 4430 ubi,
1449 4376 1588 4446 postquam
1606 4369 1725 4418 diversas
1745 4368 1856 4418 nominis

1092 4442 1160 4506 ἥρως
1171 4436 1343 4502 etymologias
1359 4435 1477 4502 protulit,
1497 4443 1658 4500 postremam
1674 4435 1743 4485 hanc
1761 4433 1855 4484 addit:

1093 4510 1116 4556 ol
1130 4506 1157 4556 st
1177 4505 1225 4555 ἀπὸ
1246 4503 1291 4553 τού
1312 4504 1392 4568 ἀέρος,
1414 4505 1447 4558 ὡς
1468 4503 1584 4560 δηλοῦται
1604 4501 1628 4550 ἔν
1651 4519 1697 4550 τινι
1721 4502 1770 4550 τῶν
1793 4501 1856 4565 παρὰ

1092 4572 1228 4637 Πορηυρίῳ
1241 4570 1442 4634 ἐπιγραμμάτων,
1460 4569 1484 4617 ἐν
1502 4561 1522 4634 ᾧ
1541 4569 1623 4617 κεῖται
1637 4569 1674 4617 τό·
1687 4568 1764 4629 Σῶμα
1778 4567 1820 4630 μὶν
1832 4568 1854 4615 ἐν

1092 4639 1176 4704 πόντῳ
1192 4638 1281 4696 κεῖται,
1293 4641 1389 4698 πνεῦμα
1401 4635 1421 4684 δ’
1432 4635 1478 4698 όὴρ
1489 4635 1525 4684 ὅδ’
1535 4634 1594 4698 ἔχει.
1607 4633 1683 4684 Unde
1693 4633 1855 4684 scribendum

1092 4704 1210 4754 videtur:

1093 4808 1169 4869 Σῶμα
1185 4805 1227 4867 μὶν
1241 4803 1265 4855 ἐν
1279 4804 1361 4866 πόντῳ
1370 4801 1483 4867 Προθόου
1493 4800 1660 4868 Τενθρηδόνος
1670 4803 1726 4851 υἱοῦ

1126 4871 1205 4922 κεῖται
1217 4871 1381 4921 ἀνσίκτιστον·
1395 4867 1492 4945 πνεῦμα
1504 4867 1524 4916 δ’
1537 4868 1584 4933 ἀὴρ
1599 4869 1689 4932 ἐπέχει.
1710 4886 1723 4912 ν
1741 4866 1851 4918 Bruncl.

1092 4965 1164 5028 Σῆμα
1175 4961 1327 5014 Eustathius
1344 4961 1433 5020 habet,
1446 4961 1514 5025 quod
1529 4958 1608 5010 tacite
1622 4959 1733 5010 mutarit
1746 4959 1853 5010 feliciter

1092 5039 1180 5081 tamen
1194 5027 1350 5087 Brunohius,
1370 5027 1473 5076 favente
1490 5025 1608 5076 Eudocia
1623 5041 1682 5091 quae
1698 5029 1772 5092 σῶμα
1787 5024 1854 5076 dedit

1092 5097 1121 5147 in
1132 5097 1213 5146 hocca
1227 5093 1371 5160 epitaphio,
1389 5093 1453 5142 Viol.
1468 5109 1494 5158 p.
1511 5093 1568 5142 219.

1126 5229 1204 5278 XCII.
1225 5227 1282 5278 Duo
1297 5225 1429 5288 Talthybii
1450 5233 1619 5276 monumenta
1636 5231 1764 5276 memorat
1788 5226 1850 5274 Pau·
