3882 6080
500 441 625 501 CAPUT
646 441 684 502 V.
707 436 990 500 EPIGRAMMATA
1010 437 1215 498 lRstlSORlA.

16 637 17 656 γ
114 575 213 633 ὄλωλεν
225 576 245 646 ἡ
257 572 413 640 παίδευσις,
423 571 489 644 ίσθη
505 576 552 629 καλ
564 571 657 650 λύγος,
919 575 991 647 perit
1003 575 1135 640 doctrina,
1151 575 1285 633 exstincta
1298 583 1341 633 est
1355 575 1435 642 ratio,

16 659 18 762 γ
115 661 227 742 ρρούδος
240 661 269 718 δὲ
282 665 330 718 καί
341 665 413 727 νοῦς,
431 663 536 740 οίχεται
547 661 656 738 θεωρία,
919 662 987 718 abiit
1000 671 1028 718 e't
1041 681 1127 729 mens,
1141 663 1257 722 discedit
1270 665 1476 739 contemplatio;

16 775 17 824 η
62 736 73 780 ⁵
113 751 235 808 λέλοιπεν
250 747 383 822 εὐσέύιια,
399 749 612 819 καίτελεστική·
742 802 745 810 ,
919 749 1011 806 deficit
1025 749 1113 824 pietas
1127 758 1155 807 et
1169 750 1294 808 initiandi
1308 753 1446 811 scientia:

16 827 18 898 i
115 839 186 916 θέμις
201 836 226 894 δ’
241 839 343 909 ἀπέστη
358 839 405 894 καί
417 835 480 910 δίκη
495 839 543 894 καὶ
555 841 609 894 πᾶν
623 836 719 906 καλόν,
917 837 1024 910 justitia
1037 838 1146 912 aufugit
1161 843 1189 894 et
1201 839 1315 913 equitas
1329 846 1357 897 ct
1370 841 1502 915 quidquid
1521 843 1645 917 pulcrum

16 999 17 1004 γ
113 924 323 1006 παρρησιάζεται
338 925 367 981 δέ
381 929 428 982 νῦν
442 929 605 1004 πανουργία,
920 925 1234 998 tibereeloquiturnnno
1247 925 1378 1001 nequitia,
1582 933 1644 1005 [est

113 1019 157 1071 καί
170 1011 270 1091 ψεῦδος
281 1015 370 1093 ἄρχει,
386 1015 435 1068 καὶ
446 1016 568 1092 τυραννὶς
581 1014 629 1070 καλ
644 1011 703 1088 βία·
920 1020 948 1069 et
961 1013 1129 1070 mendacium
1143 1021 1250 1088 regnat,
1267 1020 1295 1071 et
1307 1014 1431 1088 tyrannis
1445 1024 1473 1073 et
1487 1017 1529 1073 vis
1543 1034 1549 1072 :

114 1105 184 1180 ἕρπει
198 1099 228 1158 δέ
240 1102 307 1180 πρδς
319 1105 373 1157 πᾶν
387 1099 459 1158 θεῖον
475 1102 553 1178 έργον
568 1103 583 1157 d
598 1099 706 1178 ρθόνος,
920 1099 991 1174 repit
1003 1101 1084 1158 etiam
1098 1101 1134 1157 ad
1148 1119 1226 1158 omne
1240 1101 1361 1159 divinum
1375 1120 1444 1178 opus
1458 1103 1568 1171 invidia,

112 1193 157 1260 τῆς
172 1186 327 1254 δυσσεθείας
337 1191 475 1260 ἠνέωκται
487 1190 519 1244 τὸ
531 1193 631 1264 στόμα·
920 1187 1067 1262 impietatis
1081 1195 1205 1263 apertum
1219 1196 1261 1245 est
1275 1205 1320 1256 ους

114 1276 211 1356 ῥοιύδεϊ
223 1277 253 1336 δὲ
263 1275 366 1357 χανδὸν
378 1279 399 1348 ἡ
412 1275 547 1356 utputa<
559 1281 609 1348 τῆς
621 1276 738 1350 πλάνης,
919 1275 1002 1332 latrat
1015 1281 1043 1332 et
1057 1274 1310 1333 diductis-faucibus
1325 1275 1477 1349 Charybdis
1492 1277 1601 1342 erroris,

114 1371 170 1444 ἐμαί
183 1365 212 1422 δὲ
224 1370 277 1431 πᾶς
287 1387 327 1431 τις
341 1364 467 1444 δόγματα
481 1363 670 1444 βλασφημίας.
919 1361 1057 1436 vomitque
1073 1360 1259 1436 unusquisque
1273 1363 1374 1434 piacita
1390 1363 1645 1421 maledicmmentis.

304 1507 353 1566 59.
375 1504 592 1562 mutuorum
656 1501 658 1504 ’
1148 1509 1191 1560 59.
1211 1505 1386 1562 ANONYMI.

245 1620 285 1676 rt<
299 1619 357 1676 τούς
369 1619 462 1684 σοφούς
472 1619 522 1669 τῖον
541 1619 651 1676 Ἀθηνῶν,
1082 1614 1112 1663 In
1126 1613 1259 1679 sapientes
1271 1614 1443 1664 Athenarum.

114 1740 144 1795 Οἱ
155 1743 207 1796 τῶν
222 1722 335 1812 Ᾰθηνῶν
350 1741 505 1815 εὐστομιῖτε
518 1741 582 1804 τούς
595 1737 683 1794 πάλαι
921 1738 972 1808 Qui
980 1739 1147 1796 Athenarum
1157 1737 1223 1795 ostia
1233 1739 1263 1813 (i.
1275 1755 1298 1794 e.
1310 1738 1502 1812 Athenienses)
1513 1739 1648 1796 celebrata

113 1830 219 1904 σοροὺς,
237 1826 396 1901 Πλάτωνας,
412 1829 474 1883 Σωκ
491 1830 573 1898 ἀτεις,
590 1826 776 1905 Ξενοκράτεις,
1532 1831 1649 1902 [veteres

112 1902 287 1995 dometimur,
304 1918 457 1994 Πύρρωνος,
474 1847 667 1994 λριστοτέλεις·
921 1915 1069 1989 sapientes,
1086 1914 1225 1980 Platones,
1240 1913 1378 1980 Socrates,
1393 1915 1572 1983 Xenocrates,

112 2005 166 2060 Οὐκ
179 2005 250 2060 ἔστιν
266 2004 341 2081 ὑμῖν,
357 2003 431 2073 πλὴν
443 1990 569 2080 Ῡμηττῶς
582 2005 629 2059 καὶ
645 2002 717 2080 μέλι,
921 2011 1064 2086 Epicuros,
1080 2011 1247 2084 Pyrrhones,
1263 2011 1426 2068 Aristoteles
1442 2029 1449 2068 :
1572 2015 1646 2086 [met

113 2090 193 2162 θῆκαί
205 2112 234 2148 τε
248 2095 360 2170 νεκρῶν,
376 2095 429 2147 τῶν
443 2095 534 2169 σοφῶν
548 2094 583 2147 τὰ
596 2096 750 2168 πνεύματα·
920 2117 976 2156 non
994 2099 1065 2154 enirn
1082 2098 1161 2155 vohis
1182 2106 1225 2156 est
1242 2101 1320 2156 atiud
1339 2107 1439 2172 prater
1458 2101 1602 2174 Hymettus
1622 2112 1649 2160 et

112 2179 188 2236 τολεί
201 2180 267 2258 παρ’
281 2181 350 2256 ἡμῖν
365 2181 460 2252 πίστις,
479 2181 511 2236 ού
527 2182 608 2258 σοροὶ
620 2178 711 2256 λύγοι.
920 2187 1053 2261 locutique
1066 2195 1245 2253 mortuorum,
1261 2187 1425 2261 sapientium
1437 2189 1572 2263 spiritus:

921 2283 1046 2334 versatur
1058 2275 1131 2350 apud
1144 2293 1193 2332 ros
1207 2275 1285 2341 fides,
1301 2293 1355 2332 non
1370 2277 1505 2350 sapientia
1518 2278 1612 2336 verba.

379 2417 534 2476 θέλιλιο.
1190 2427 1234 2482 do.
1253 2434 1353 2478 ιιιυυ.

306 2531 346 2587 δίς
356 2531 428 2588 νέους
440 2531 596 2596 φιλοσόφους.
1109 2532 1138 2582 Iu
1153 2546 1233 2582 noros
1248 2530 1427 2597 philosophos.

16 2701 17 2706 ι
111 2649 165 2706 θῶν
177 2650 247 2705 lew
264 2651 333 2727 ἀνὴρ
348 2651 377 2715 ῶς
390 2653 482 2728 σοφῶς·
497 2651 580 2728 σῦφός
591 2647 616 2705 δ’
629 2649 701 2714 οὔτις
922 2661 982 2717 Nou
995 2665 1037 2716 est
1048 2658 1088 2722 vir
1097 2657 1143 2731 qui
1153 2656 1263 2731 sapiens
1273 2663 1327 2721 cst;
1336 2657 1446 2730 sapiens
1457 2663 1547 2714 autem
1560 2657 1650 2714 nullus

16 2747 17 2764 ¹
111 2735 178 2802 ὅστις
192 2737 252 2814 μετ’
268 2735 373 2816 ἀνδρῶν
385 2737 502 2794 ἵσταται·
518 2739 599 2808 καινὴ
616 2741 693 2815 μάχη
921 2745 1045 2821 quisquis
1058 2743 1129 2802 inter
1142 2744 1215 2801 viros
1228 2743 1322 2801 existit
1337 2761 1343 2800 :
1357 2761 1429 2800 nora
1442 2762 1536 2818 pugna

110 2829 158 2880 τῶν
172 2827 286 2904 ἀρετῶν·
303 2829 330 2882 τί
344 2827 418 2903 φημὶ
430 2823 457 2881 δ’
470 2827 551 2890 αὐτῶν
566 2827 601 2890 ῶς
618 2825 724 2903 imit
920 2835 1051 2890 virtutum
1065 2851 1073 2889 ε
1088 2832 1154 2906 quid
1167 2831 1264 2905 loquor
1275 2839 1366 2888 autem
1378 2832 1437 2906 ipse
1453 2839 1482 2888 ut
1496 2832 1597 2888 breve?

16 2961 17 2964 ,
110 2944 146 2956 -
157 2915 190 2968 Εἰ
201 2917 257 2978 πῶς
269 2914 352 2991 σοφῶς
366 2911 455 2978 δειλός
468 2933 517 2980 τις,
534 2915 563 2978 ὃς
577 2911 666 2980 δειλῶς
680 2917 772 2991 σοφῶς·
920 2923 950 2980 Si
960 2921 1047 2980 omnis
1059 2920 1169 2996 sapiens
1178 2919 1318 2994 improbus
1328 2927 1377 2987 est,
1389 2919 1436 2994 qui
1445 2919 1585 2994 improbus
1600 2929 1648 2986 cst,

368 3055 416 3112 61.
433 3062 529 3111 λλλο.
1182 3064 1225 3117 tr.
1245 3070 1344 3113 λιιυυ.
1464 3009 1585 3082 [ἤριπε
1599 3016 1649 3065 θεῖ’

77 3170 97 3238 ᾗ
113 3203 158 3260 μοι
169 3185 222 3262 ἐγὼ
241 3183 348 3261 μέλεος·
363 3187 389 3240 τί
400 3187 528 3261 γυναικὸς
541 3188 667 3263 κύντερον
682 3183 764 3248 ἄλλο,
888 3187 960 3244 Heu!
972 3203 1015 3242 me
1024 3184 1166 3240 miseruml
1176 3183 1241 3256 quid
1250 3183 1361 3240 mutiero
1370 3183 1555 3258 impudentius
1566 3185 1647 3252 aliud,

76 3270 92 3338 ἢ
108 3269 212 3346 μᾶλλον
225 3273 365 3348 τίτύχης;
381 3273 440 3326 τίνα
456 3291 490 3348 με
502 3275 575 3349 χρῆν
588 3270 777 3344 αἱτιάσασθαι;
887 3283 934 3333 aut
953 3273 1044 3350 potius
1059 3271 1125 3346 quid
1141 3272 1251 3328 fortuna
1268 3273 1473 3342 impudentius?
1492 3273 1577 3341 Quam
1597 3291 1649 3346 ego

76 3341 227 3437 λμροτέρας
238 3359 295 3437 χρὴ
313 3361 410 3434 μισεῖν,
426 3361 580 3437 ἀμφότεραι
592 3357 711 3430 θηλειαι.
1147 3417 1148 3421 ,
1306 3359 1462 3432 [oportebat
1475 3362 1651 3417 accusarem?

75 3429 145 3501 λλλὰ
156 3451 247 3524 τύχης
263 3449 310 3522 μιν
325 3447 404 3524 έμῆς,
419 3445 470 3503 Oet
484 3444 615 3527 έμύροτι,
629 3449 668 3526 μὴ
687 3445 833 3526 μεταδοίης
888 3451 1035 3525 Utramque
1049 3455 1157 3523 oportet
1171 3447 1271 3514 odisse,
1287 3457 1401 3522 utraque
1416 3447 1516 3505 semina
1530 3456 1578 3506 est.

57 3531 194 3610 ηάνδράσιν
209 3533 329 3613 έχθροῖς,
346 3537 382 3599 είς
396 3536 445 3612 rat
459 3533 542 3592 πόλλ’
558 3533 721 3615 ἐξυθρίσασι,
887 3540 941 3598 Sed
950 3539 1108 3596 nofouunae
1118 3537 1227 3610 quidem
1237 3553 1314 3604 mete,
1325 3537 1397 3592 Deus
1407 3537 1575 3602 immortalia,
1588 3555 1649 3610 par·

75 3619 181 3678 πλείονα
196 3618 348 3700 δυστυχίης
359 3623 410 3694 τὴν
424 3624 553 3700 ιύτυχίην
566 3628 751 3702 παρεχούσης·
1444 3624 1652 3699 [ίίεἰρεσ-δυείωε

74 3710 118 3778 την
133 3707 161 3765 δὲ
177 3715 307 3766 σύνευνον
319 3713 422 3782 ταύτην
437 3713 485 3767 καί
497 3711 605 3788 ἀγαθὴν
619 3715 778 3790 παράκοιτιν
888 3715 961 3773 viros
974 3715 1108 3781 inimicos,
1124 3715 1170 3788 qui
1182 3713 1249 3769 mihi
1264 3730 1336 3785 sape
1351 3713 1404 3768 vim
1419 3712 1544 3778 intulero,

76 3795 173 3875 ἐχθροῖς
186 3801 236 3854 καὶ
247 3799 350 3862 τέκνοις
364 3796 468 3877 ἐχθρῶν
482 3802 613 3878 παρέχεις
627 3801 777 3877 ὁμόκοιτιν.
888 3821 948 3877 qnae
960 3802 1021 3877 pius
1032 3801 1169 3860 felicitatis
1182 3817 1263 3874 quam
1278 3801 1393 3856 miseria
1406 3799 1474 3855 mihi
1488 3801 1592 3873 prabet
1608 3819 1615 3856 ε

889 3891 960 3946 hanc
973 3897 1063 3947 autem
1078 3889 1223 3963 conjugem
1236 3905 1269 3943 ac
1284 3889 1381 3943 honam
1395 3903 1507 3944 uxorem

889 3975 1004 4034 inimicia
1013 3975 1235 4049 inimicorumque
1245 3973 1308 4029 filiis
1322 3973 1358 4030 da
1371 3972 1649 4048 quacum-iiscubet.

375 4114 423 4172 δέ.
440 4121 536 4171 Anao.
1192 4120 1236 4171 62.
1256 4123 1355 4168 aurun.

105 4223 145 4282 aa
157 4242 212 4276 τινα
225 4223 378 4275 κατελθόντα
388 4225 422 4282 εἰς
436 4225 539 4276 Ἐλλάδα
552 4226 594 4276 καὶ
607 4228 801 4292 ἀγροικισθέντα.
890 4229 919 4278 ln
933 4224 1071 4292 quemdam
1090 4223 1135 4289 qui
1153 4222 1324 4346 indGroeciam
1343 4221 1482 4271 devenerat
1496 4228 1522 4270 ct
1539 4220 1650 4272 rusticos

1156 4297 1184 4346 in
1203 4304 1278 4347 uorat
1290 4311 1387 4346 mores.

110 4409 146 4466 Ού
166 4407 313 4490 βαρύάρων
326 4411 391 4484 γῆν,
407 4407 471 4465 ἀλλ’
487 4407 551 4466 ίδὼν
564 4413 614 4482 τὴν
629 4397 753 4487 Ελλάδα,
891 4421 951 4478 Non
958 4417 1135 4475 barbamrum
1147 4421 1257 4480 terram,
1267 4414 1316 4471 aed
1327 4431 1388 4469 cum
1403 4412 1495 4470 vidisti
1508 4411 1648 4482 Graeciam,

110 4496 306 4578 έύαρύαρώθης
318 4499 365 4552 καὶ
377 4495 461 4573 λόγον
475 4499 523 4552 καὶ
535 4499 581 4554 τύν
593 4504 703 4578 τρόπον.
890 4505 1166 4564 barbarus-iactasse
1180 4511 1208 4560 ot
1221 4502 1328 4576 eloquio
1343 4510 1371 4558 et
1382 4501 1511 4558 moribus.

376 4640 428 4704 63.
441 4653 536 4706 λλλο.
1192 4655 1234 4708 63.
1255 4660 1354 4704 λιιυυ.

109 4777 163 4846 Τὴν
178 4775 282 4854 ἀθετῶν
296 4773 361 4852 λθὶς
373 4773 444 4832 εἶδον
459 4777 486 4832 ἰν
504 4779 573 4855 θθθθ
588 4775 669 4832 “iii
891 4789 1026 4846 Virtutem
1040 4783 1099 4840 heri
1112 4781 1168 4838 ridi
1183 4781 1210 4838 in
1223 4781 1313 4836 media
1327 4779 1393 4835 urhe

112 4861 345 4944 μεθαμθῦθοῧσαν
358 4865 406 4920 καὶ
418 4867 567 4941 aarqqeth
580 4865 661 4936 ὅλην·
889 4869 1183 4949 pulla-resto·indutam
1197 4877 1225 4926 et
1236 4867 1443 4924 demisso-vultu
1457 4871 1541 4922 totam
1556 4885 1563 4922 τ

114 4950 238 5025 “Two”
250 4938 832 5033 ἢρῶίέηνιέπῶπθνθαςὶ)>Ηὸἕ·<(νῶνῖγνῶς·
891 4986 905 5016 «
921 4961 1002 5031 Quid,
1017 4982 1032 5012 ν
1053 4957 1180 5032 rogitavi,
1196 4977 1211 5010 ιι
1226 4955 1277 5012 tibi
1295 4954 1394 5012 accidit
1409 4954 1443 5009 a?
1458 4955 1521 5010 hac
1536 4959 1624 5010 autem
1642 4970 1649 5009 :

114 5061 129 5092 (ι
141 5039 246 5118 τόλμα,
266 5043 403 5118 φρόνησις,
418 5043 515 5116 γνῶσις
529 5043 556 5096 έν
570 5045 627 5105 ταῖς
640 5045 759 5119 γωνίαις·
1421 5043 1447 5115 [a
1461 5042 1540 5098 Nunc
1554 5041 1627 5096 nosti
1643 5057 1650 5095 :

56 5149 67 5194 t
114 5129 242 5206 «ἄγνοια
258 5124 284 5182 δ’
300 5128 379 5206 ἄρχει
394 5131 441 5185 ναὶ
456 5126 525 5206 μέθη
541 5131 588 5185 καί
602 5127 700 5189 δειλία.
717 5152 733 5185 ν
892 5161 906 5191 «
922 5137 1062 5202 fortitudo,
1079 5131 1233 5209 prudentia,
1247 5129 1370 5188 doctrina
1382 5129 1409 5185 in
1425 5127 1532 5202 angulis
1545 5133 1633 5184 sunt:

892 5248 906 5278 «
921 5223 1077 5298 ignorantia
1091 5228 1180 5280 autem
1195 5221 1309 5294 imperat
1321 5225 1348 5275 ct
1360 5216 1478 5274 ebrietas
1490 5222 1518 5272 et
1530 5212 1650 5289 ignaria.
