3818 6012
253 430 290 487 l8
684 429 945 492 ANTHOLOGIAE
967 433 1119 494 GRAECAE
1141 433 1374 496 APPENDICIS

289 558 368 618 τόνδε
384 565 510 641 Διωνύσῳ
527 564 613 643 δῶρον
630 563 714 622 ἔδωκε
726 564 816 632 Κλεώ,

251 650 350 706 οὕνεκα
365 658 541 727 συμποσίοισι
559 659 732 734 μετέπρεπεν·
749 652 796 710 ἶσα
813 652 843 710 δέ
855 656 939 711 πίνειν

291 741 363 804 οὔτις
378 744 404 796 οί
416 741 564 820 ἀνθρώπων
575 746 668 822 ήρισεν
684 742 798 821 οὐδαμά
813 766 866 805 πω.

480 903 547 964 118.
571 905 793 966 antandron,

931 952 1009 1033 Πρηι

1110 565 1213 621 hancce
1225 566 1335 622 Baccho
1346 567 1418 623 dono
1429 567 1505 624 dedit
1515 568 1589 634 Cleo,
1614 569 1715 639 [autem
1725 568 1855 626 bibendo

1075 662 1223 729 propterea
1237 656 1311 730 quod
1326 657 1353 712 in
1371 657 1503 713 conviviis
1517 657 1667 714 excellebat
1684 674 1690 712 :
1707 659 1856 731 acqualiter

1111 744 1200 801 nullus
1216 746 1357 802 hominum
1371 763 1433 802 cum
1448 747 1510 820 ipsa
1524 748 1666 804 contendit
1679 767 1812 823 unquam.

1309 909 1369 962 llll.
1390 905 1612 963 ANONYMUM.
1749 955 1854 1026 [remis

250 1029 417 1115 Δεξιτερήν,]
434 1036 600 1117 commitatu
615 1042 717 1111 κῆπον,
734 1037 814 1118 ffers,
832 1045 914 1099 τοῦτο
935 1049 1022 1123 χαρά.
1077 1036 1235 1106 Dexteram,
1252 1038 1412 1112 praeteriens
1427 1039 1547 1108 hortum,
1564 1041 1677 1114 hospes,
1692 1041 1779 1098 hocce
1794 1049 1853 1098 tor-
1896 1080 1897 1094 .

293 1167 300 1180 .
326 1167 333 1180 .
359 1167 366 1181 .
387 1122 494 1201 χ’]εύμα
508 1124 607 1191 λιπών,
625 1123 767 1205 άτῖραπύν]
784 1124 914 1194 έὶανάύα.

251 1212 283 1266 El
298 1209 322 1266 d'
340 1253 612 1274 .........
636 1219 683 1270 καί
697 1220 780 1294 πατρὶ
794 1219 891 1295 ἐπείγῃ

291 1302 359 1378 ἱερά,
371 1299 442 1381 τῆς]
457 1302 540 1374 λαίης
560 1303 635 1379 βαῖνε
653 1303 710 1384 [δι’]
729 1308 889 1381 αίμασιέων.

1113 1167 1159 1182 ...
1176 1127 1288 1184 flumine
1303 1127 1409 1194 relicto,
1424 1146 1473 1202 per
1488 1129 1612 1186 semitam
1628 1132 1756 1188 ascende.

1076 1213 1106 1270 Si
1118 1231 1184 1272 vero
1187 1257 1338 1274 ........
1355 1227 1383 1274 et
1398 1217 1469 1291 patri
1484 1217 1725 1293 lacere-properas

1112 1321 1201 1372 sacra,
1218 1305 1285 1360 laeva
1300 1305 1395 1362 incede
1410 1323 1460 1379 per
1474 1323 1566 1380 sepes.

252 1386 336 1446 Οὗτοι
349 1389 418 1471 κ[σ]ί
435 1393 463 1470 μ’
480 1396 616 1471 ἐκάμοντο
632 1397 679 1450 τὸν
695 1397 721 1451 ἐν
736 1399 880 1472 γονάτεσσι
898 1397 1022 1476 Πρίηπσν
1078 1391 1126 1448 Isti
1142 1399 1169 1448 et
1181 1409 1224 1448 me
1239 1393 1328 1449 locere
1344 1393 1462 1468 genibus
1477 1393 1600 1450 innixum
1614 1395 1747 1470 Priapum

292 1483 359 1560 ἔργα
372 1485 419 1538 καί
436 1483 548 1560 βωμοὺς
562 1486 713 1560 συγγενέων
730 1486 840 1563 έροράν.

452 1644 521 1703 119.
544 1644 830 1704 ΕΡΑΤΟΣΘΕΝΟΥΣ.

252 1786 285 1842 El
298 1781 382 1842 κύθσν
399 1781 427 1852 ἐξ
442 1785 539 1864 ὀλίγον
556 1783 713 1857 διπλήσιον,
729 1785 750 1844 ὧ
767 1787 854 1864 ’γαθί,
867 1792 973 1868 τεύχειν

293 1878 419 1960 ρράζεαι,
437 1879 457 1950 ή
473 1881 584 1958 στερεὴν
599 1885 688 1936 πᾶσαν
705 1883 730 1947 ἐς
744 1879 814 1938 άλλο
830 1885 909 1959 φύσιν

252 1967 280 2026 εὗ
293 1973 518 2049 μεταμορφῶσαι,
528 1967 591 2025 τόδε
599 1973 735 2048 τοιπάρα,
743 1971 793 2026 κᾶν
802 1975 873 2048 σύγε
884 1970 1020 2049 μάνδρην,

290 2061 310 2130 ἢ
327 2065 411 2138 σιρόν,
427 2059 447 2128 ἢ
462 2057 558 2114 κοίλου
573 2062 699 2137 ρρείατος
713 2061 777 2138 εὐρὺ
793 2064 883 2125 κύτος.

250 2145 313 2224 τῇδ’
330 2150 546 2226 άναμετρήσαιο,
567 2152 651 2224 μέσοις
666 2149 710 2204 δ’τε
723 2152 853 2226 τέρμασιν
869 2151 962 2228 ἄκροις

291 2235 484 2316 συνδρομάδας
499 2234 596 2292 δισσῶν
613 2239 686 2301 tvae<
702 2236 769 2315 έλης
782 2242 914 2298 κανόνων,

251 2324 329 2397 Μηδὲ
343 2331 375 2382 σύ
387 2327 413 2402 γ’
427 2309 555 2404 Ᾰρχύτεω
572 2323 741 2404 δυσμήχενα
757 2327 824 2404 ἔργα
837 2325 998 2406 κυλίνδρων,

294 2413 366 2492 μηδὲ
381 2417 568 2492 Μενεχμείους
582 2419 749 2492 κωνοτομεῖν
765 2413 877 2494 τριάδας

251 2499 358 2573 δίζηαι·
379 2499 446 2578 μηδ’
461 2504 484 2558 εἶ
498 2523 524 2558 τι
538 2501 665 2569 θεουδέος
681 2499 815 2568 Εὐδόξσιο

207 2609 237 2658 10
291 2589 439 2670 καμπύλον
455 2593 481 2646 ἐν
495 2597 640 2670 γραμμαῖς
654 2591 724 2656 εἶδος
738 2595 935 2672 άναγράρεται.

251 2678 344 2745 Τοῖςδε
360 2683 392 2736 σύ
407 2681 433 2756 γ’
450 2682 476 2735 ἐν
491 2684 632 2738 πινάκεσσι
647 2685 808 2759 μεσομράρα
821 2685 905 2760 μυρία
915 2685 1023 2759 τεύχοις

292 2773 351 2849 ρεῖά
367 2791 423 2842 κεν,
438 2771 468 2824 ἐκ
482 2774 590 2848 παύρου
604 2770 741 2848 πυθμένος
755 2773 919 2848 ἀρχόμενος.

251 2861 359 2915 Εὐαίων
376 2859 531 2936 Πτολεμαῖε
544 2863 647 2938 πατήρ,
665 2861 707 2915 δ’τι
722 2857 801 2916 παιδὶ
816 2857 942 2932 συνηθῶν

291 2949 371 3006 πάνθ’
389 2951 440 3006 θ’σα
454 2951 501 3005 καὶ
513 2952 635 3014 Μούσαις
647 2952 694 3005 καὶ
709 2948 852 3025 βασιλεῦσι
869 2954 937 3029 pila

209 3050 239 3102 15
253 3045 334 3108 αὐτὸς
349 3041 490 3121 ἐδωρήσω·
507 3045 538 3098 τύ
554 3040 577 3097 δ’
590 3045 615 3108 ἐς
627 3042 750 3120 ὕστερον,
768 3045 877 3122 οὐράνιε
893 3045 954 3116 Ζεῦ,

292 3137 340 3190 καὶ
352 3137 495 3210 σκήπτρων
511 3135 541 3187 ἐκ
556 3136 605 3202 σῆς
620 3134 754 3188 ἀντιάσειε
769 3137 861 3210 χερός.

1111 1497 1198 1555 opera
1210 1497 1291 1538 sacra
1304 1491 1332 1540 et
1345 1499 1408 1540 aras
1423 1491 1604 1556 cognatorum
1620 1485 1825 1544 observantem.

1279 1649 1340 1702 tl9.
1360 1645 1645 1704 ERATOSTHENIS.

1076 1785 1106 1842 Si
1121 1785 1220 1842 cubum
1235 1804 1269 1842 ex
1284 1787 1389 1843 minore
1401 1786 1550 1861 duplicem,
1566 1806 1582 1844 o
1596 1789 1678 1856 bone,
1695 1790 1785 1847 facere

1112 1874 1234 1949 cogitas,
1251 1893 1300 1932 scu
1315 1875 1430 1932 solidam
1445 1893 1553 1933 omnem
1572 1885 1697 1935 naturam
1718 1879 1745 1934 in
1765 1881 1850 1938 aliam

1717 1969 1848 2038 [ficu-am
1899 2036 1900 2046 ,

1076 2052 1145 2111 bene
1167 2053 1374 2122 transformare,
1394 2054 1479 2111 hocce
1496 2054 1546 2114 tihi
1565 2059 1777 2114 instrumentum
1797 2060 1849 2114 ad-

1448 2145 1511 2215 [est,
1527 2144 1584 2199 sive
1600 2152 1629 2200 tu
1645 2161 1711 2202 sane
1725 2153 1849 2220 septum.

1111 2235 1159 2286 aul
1173 2229 1273 2294 sirum,
1292 2235 1340 2286 aut
1356 2229 1486 2303 profundi
1509 2229 1585 2303 putei
1603 2229 1686 2288 latam
1701 2232 1851 2289 caritatem

1732 2323 1850 2393 [naeth-l,
1900 2369 1901 2374 ,

1076 2409 1129 2465 hac
1142 2405 1248 2466 ratione
1260 2405 1404 2474 metireris,
1420 2406 1528 2464 medias
1544 2425 1605 2463 cum
1621 2409 1744 2464 terminis
1759 2419 1853 2466 extre-

1111 2506 1304 2554 concurrentes
1318 2497 1389 2552 iuter
1403 2496 1473 2552 duas
1487 2496 1638 2570 sumpseris
1651 2498 1771 2570 regulas,
1785 2499 1852 2570 [mis

1076 2587 1171 2662 Neque
1184 2593 1214 2644 tu
1229 2586 1338 2660 quidem
1352 2585 1481 2660 Archytae
1493 2585 1747 2642 difficilia-tractatu
1763 2605 1853 2660 opera

1641 2675 1850 2749 [cylindrorum
1901 2679 1902 2694 ²

1111 2786 1199 2843 neque
1214 2768 1401 2842 Meneohmias
1415 2775 1472 2826 tres
1486 2769 1548 2825 coni
1563 2769 1700 2826 sectiones

1076 2877 1198 2936 quaeras3
1214 2877 1303 2932 neque
1318 2859 1341 2915 si
1356 2876 1411 2933 qua
1424 2859 1464 2932 pii
1477 2857 1585 2915 Eudoxi

1110 2950 1138 3005 in
1152 2947 1231 3006 lineis
1245 2965 1328 3006 curva
1341 2947 1431 3022 figura
1445 2947 1619 3006 describitur.

1072 3037 1152 3096 Hisce
1166 3045 1197 3095 tu
1212 3037 1323 3114 quidem
1339 3054 1374 3093 ex
1389 3035 1490 3093 tabulis
1505 3037 1611 3094 medias
1626 3043 1853 3114 proportionales

1566 3127 1732 3198 [innumeras
1748 3131 1852 3188 feceris

251 3223 307 3279 Καί
315 3227 348 3277 τά
362 3218 766 3298 μένὣςτελέοιτο·λέγοιδέτις
774 3220 880 3299 άνθεμα
887 3219 1018 3278 λεύσσων·
1113 3217 1202 3287 facile,
1218 3231 1329 3290 aparvo
1345 3215 1521 3271 fundamento
1535 3213 1679 3289 incipiens.

292 3313 346 3368 Τοῦ
362 3313 519 3390 Κυρηναίου
533 3309 607 3367 τοῦτ’
621 3295 847 3389 δρατοσθενίους.

479 3919 543 3977 190.
566 3916 785 3976 ΑΔΕΣΠΟΤΟΠ.

448 4049 502 4099 Ἐπὶ
515 4055 542 4114 τῇ
563 4051 663 4116 Ἀράτσν
674 4051 749 4102 εἰκόνι
760 4052 847 4116 χαλκῇ.

252 4178 357 4237 Βουλαὶ
374 4180 422 4257 μέν
435 4182 483 4234 καί
497 4177 595 4244 άεθλα,
609 4183 656 4235 καὶ
669 4183 686 4236 ἁ
701 4183 763 4260 περὶ
776 4165 902 4243 Ἑλλάδος
914 4175 988 4233 ἀλκά

290 4267 365 4326 τοῦδ’
382 4266 480 4346 ἀνδρὸς
495 4267 606 4358 σμίλαις
620 4267 755 4325 πλάθεται
770 4254 936 4347 Προκλέους·

251 4361 342 4436 ἄμμες
357 4357 381 4414 δ’
399 4357 491 4423 εἰκόν’,
508 4359 607 4435 Αρατε,
624 4361 699 4422 τεάν,
716 4361 824 4413 νόστοιο
838 4361 976 4435 τυχόντες,

291 4452 429 4526 στάσαμεν
443 4446 499 4502 ἀντ’
515 4447 612 4523 ἀρετάς
624 4443 677 4515 ήδὲ
693 4441 867 4510 δικαιοσύνας

219 4546 234 4594 5
250 4543 382 4616 σωτῆρος,
400 4540 520 4613 σωτῆρσι
534 4533 615 4608 θεσϊς,
633 4534 675 4588 δἐι
693 4532 803 4613 πατρίδι
816 4537 851 4610 τᾷ
865 4537 900 4611 σᾷ

290 4627 379 4704 δᾶμον
390 4629 460 4692 loca,
477 4623 551 4681 θείαν
566 4625 589 4679 τ’
606 4622 718 4689 ὤπασας
732 4626 872 4700 εὐνομίαν.

552 4859 739 4916 tlt.aaa0.

249 4995 352 5072 Πατρός
364 4990 510 5071 ἀριζήλοιο
526 4989 696 5070 Πολυκρίτου
713 4987 759 5047 ola
774 4993 821 5046 σὺν
836 4989 909 5066 ἵππῳ

280 5248 350 5283 nunc
364 5231 470 5282 bromio
483 5229 585 5281 Bromii
598 5230 643 5280 dat
657 5228 776 5280 studiosa
788 5227 859 5286 Cleo,

248 5327 389 5388 propterea
401 5315 429 5366 in
441 5307 533 5367 mensa
544 5317 611 5366 bena
624 5315 693 5380 quod
709 5331 736 5365 se
750 5311 841 5379 gessit,
855 5319 882 5363 et
896 5313 963 5364 alter

1077 3307 1099 3366 0
1114 3305 1180 3364 felix
1194 3304 1244 3362 evi
1255 3305 1401 3361 Ptolemae
1413 3311 1501 3378 pater,
1514 3321 1575 3360 cum
1585 3304 1633 3360 hlii
1644 3306 1745 3364 sodalis
1759 3325 1852 3384 agens

1112 3393 1277 3466 omniaque
1292 3399 1319 3449 et
1333 3392 1421 3448 Musis
1434 3401 1462 3449 ct
1475 3393 1589 3466 regibus
1604 3395 1774 3464 amicamat,

1077 3486 1137 3559 ipse
1152 3481 1313 3551 donaveris,
1333 3481 1436 3538 utinam
1451 3481 1479 3538 in
1494 3490 1646 3556 posterum,
1662 3486 1782 3544 coelestis
1799 3489 1814 3544 J
1819 3507 1852 3544 u-

1113 3581 1140 3631 et
1153 3579 1264 3646 sceptra
1278 3589 1295 3628 a
1309 3577 1357 3627 tua
1371 3569 1488 3644 accipiat
1502 3589 1594 3629 manu.
1751 3577 1851 3649 [piter,

1078 3661 1140 3720 Haec
1148 3660 1305 3736 quidemita
1313 3658 1479 3728 ellleiantur,
1488 3659 1617 3735 dicatque
1625 3662 1687 3737 quis
1701 3663 1852 3722 donarium

1111 3748 1234 3825 Cyrenaei
1249 3748 1302 3804 hoc
1315 3753 1359 3803 est
1374 3747 1576 3804 Eratosthenis.
1634 3751 1697 3823 [hoc
1711 3751 1825 3810 intuens
1844 3773 1851 3810 ε

1314 3903 1373 3957 120.
1393 3900 1614 3959 ANONYMUM.

1276 4026 1306 4076 ln
1319 4025 1396 4077 Arati
1408 4023 1550 4080 simulacro
1563 4043 1646 4079 aeneo.

1076 4166 1197 4227 Consilia
1208 4164 1318 4239 quidem
1331 4170 1359 4221 et
1371 4164 1531 4235 certamina,
1542 4173 1571 4224 et
1582 4183 1633 4240 pro
1643 4167 1748 4226 Graecia
1759 4171 1855 4231 virtus

1111 4257 1227 4329 huJ'usco
1241 4251 1293 4308 viri
1305 4252 1438 4309 columnis
1453 4254 1660 4329 appropinquat
1675 4257 1802 4317 Herculis
1818 4280 1825 4317 :

1075 4363 1125 4402 nos
1136 4351 1228 4402 autem
1238 4341 1397 4416 imaginem,
1407 4343 1500 4409 Arate,
1514 4349 1600 4412 tuam,
1611 4345 1729 4404 reditum
1740 4350 1852 4424 adepti,

1110 4433 1267 4501 statuimus,
1283 4447 1333 4506 pro
1348 4430 1451 4487 virtute
1466 4437 1548 4505 atque
1560 4433 1670 4506 justitia
1782 4439 1853 4510 [tum

1074 4531 1123 4582 tua
1132 4523 1220 4598 ipsius
1231 4518 1390 4587 servatoris,
1402 4519 1590 4578 servatoribus
1600 4521 1663 4592 diis,
1675 4523 1739 4598 quia
1749 4528 1854 4600 patrina

1110 4612 1242 4688 populum
1258 4608 1551 4684 aequo-jure-utentem,
1560 4608 1732 4685 divinamque
1745 4613 1854 4674 dedisti

1514 4696 1852 4774 [bonarum-legum-vim.

1370 4847 1429 4902 itt.
1449 4849 1551 4894 amun.

1074 4978 1166 5036 Patris
1182 4977 1342 5036 valde-clari
1357 4979 1487 5054 Polycriti
1502 4978 1587 5035 filium
1602 4995 1662 5034 cum
1677 4995 1747 5053 equo

1109 5245 1158 5280 nec
1171 5229 1257 5295 potuit
1270 5237 1382 5291 tantum,
1400 5237 1454 5281 tam
1470 5230 1523 5282 cito
1535 5245 1583 5281 nec
1598 5229 1698 5282 bibere.

1774 5333 1804 5366 u.
1822 5335 1852 5368 σ.
