3882 6080
440 445 563 504 CAPUT
584 443 636 502 lV.
658 438 959 504 exflonvavoala
981 439 1029 499 El*
1050 439 1367 500 sUPPtlalTottm.
1630 443 1682 499 tol

119 586 176 642 ὅττι
188 583 294 665 βροτοῖς
307 587 351 641 ἐπί
363 583 387 640 τ’
402 588 529 663 εὐτυχίην
541 587 681 656 κακότητά
692 605 720 640 τε
734 579 840 662 φράζει.

120 738 247 810 ίλππόταν
263 754 382 831 είαρινήν
398 753 439 808 ἐπ’
452 754 598 830 ἰσημερίην
613 754 745 828 ἀφίκηται

91 839 222 912 5ἠίλιος,
238 841 320 919 Κριόν
333 861 363 896 τε
378 837 531 918 θιεκτρίχη,
548 842 574 894 ἐν
590 837 615 893 δ’
630 840 684 914 tipo
695 835 764 914 τῷδε

117 932 198 1004 γαῖαν
211 929 363 1005 νυκτερινὸς
375 928 512 1004 Γαεήυχος
529 921 712 1004 άμφελελίξη,

119 1019 198 1088 σῆμα
215 1013 273 1071 τόδ’
290 1017 346 1071 lori
358 1013 465 1086 πόληος
478 1016 625 1077 ἀπόστασις
638 1015 689 1069 οὐκ
703 1007 873 1080 άλαπαθνῆς·

120 1105 143 1156 εί
156 1100 187 1158 δέ
198 1123 244 1158 κεν
256 1104 398 1180 ἠμερινθς,
415 1097 512 1178 φράζει
523 1098 586 1157 τόδε
597 1099 687 1178 λυγρὰ
698 1102 745 1155 καί
759 1099 825 1161 όίτας

119 1191 246 1264 πήματος
260 1191 431 1267 ὁρμήσαντος
445 1191 486 1244 ίπ’
500 1185 676 1252 ἀλλοδαποὺς
689 1185 846 1264 ἀνθρώπους

81 1276 106 1322 ¹⁰
121 1277 255 1350 ἔσσεσθαι,
272 1281 410 1355 σφετέραις
423 1279 468 1332 ἰπὶ
482 1279 656 1353 πημοσύναις
668 1273 709 1330 ἰδὲ
722 1273 831 1337 λύπαις.

120 1525 152 1578 El
166 1520 191 1577 δ’
208 1523 260 1577 ἀνὰ
273 1522 379 1600 Ταῦρον
394 1523 490 1586 ἰόντος,
508 1523 658 1600 ὲφυρμήσεε
673 1519 719 1576 θεὰ
731 1524 816 1576 νύκτα

121 1611 240 1686 σεισμός,
254 1612 372 1686 πήματα
388 1611 435 1684 μέν
447 1629 476 1664 τε
489 1607 730 1686 καταφθινύθουσιν
744 1609 857 1672 ὀπίσσω,

122 1701 274 1776 εὐφροσύνη
290 1694 314 1752 θ’
330 1699 383 1752 ἀνὰ
397 1697 463 1752 άστυ
478 1699 525 1752 καὶ
539 1699 633 1774 εἰρήνη
648 1694 789 1752 τεθαλυῖα·

120 1787 252 1863 ήμερινύς
265 1782 295 1840 δὲ
311 1788 386 1862 φέρει
399 1783 522 1860 πολέμου
540 1783 672 1860 μεγάλοιο
684 1783 773 1854 πόληῖ

83 1888 108 1934 15
123 1876 201 1951 ἔργον
216 1875 400 1950 ἰπερχομίνου
412 1875 468 1935 τοῖς
476 1875 631 1950 κρείττοσιν·
644 1871 718 1927 ἀλλὰ
728 1869 878 1949 φυλάσσου.

122 2049 156 2102 Et
169 2043 200 2102 δύ
212 2067 269 2114 κεν,
285 2048 311 2102 lv
326 2043 457 2123 Διδύμοις
472 2050 669 2124 στρωφωμίνου
681 2044 800 2116 ἠελίοιο,

122 2137 263 2212 νυκτερινή
282 2137 361 2210 μῆνις
374 2131 531 2205 ίλελίζηται
543 2137 614 2190 κατὰ
626 2138 719 2210 γαῖαν,

124 2221 328 2300 [appetiverim]
343 2220 487 2298 δυσμενέες
502 2221 595 2300 βροτοὶ
609 2225 787 2299 ἐγχεσίχειρες

124 2311 258 2388 ὑμετέρην
272 2309 435 2366 πελάσυυσιν
451 2309 492 2364 ἐπ’
508 2309 603 2386 ἄλγεσι
616 2313 696 2384 γαῖαν
712 2311 829 2364 ἅπασαν·

82 2409 109 2454 tt
123 2401 147 2452 εἰ
162 2396 193 2452 tt
206 2417 252 2453 κεν
265 2399 396 2474 ἠμερενή,
406 2401 466 2453 τότε
479 2417 523 2452 κεν
539 2395 668 2472 βασιλῆες
682 2398 776 2472 ἄτιμοι

124 2485 240 2553 ἔσσυνθ,
255 2488 390 2563 ἡγεμόνες
403 2505 442 2550 τε,
460 2483 526 2540 θεῶν
541 2483 674 2562 διομηνίη
689 2484 802 2564 ἐχθρῶν.

124 2645 157 2698 Et
170 2640 208 2713 δ’,
224 2643 277 2698 tva
288 2644 339 2712 τήν
356 2645 454 2720 μοίρην
468 2646 516 2699 τοῦ
531 2644 666 2720 Καρκίνου
678 2641 786 2713 ἠελίοιο

124 2735 288 2808 στείχοντος,
304 2730 348 2788 όθε
362 2729 397 2802 δὴ
414 2729 505 2808 θερινή
519 2733 620 2810 τροειή,
638 2732 747 2809 ἔννυχος
761 2733 836 2788 ieret

123 2823 177 2893 γῆς
190 2821 284 2892 ύνοσις,
300 2822 381 2875 τοῦτο
395 2817 491 2896 φράζει
504 2822 644 2888 κακότητα
658 2817 768 2896 βαρεῖαν

83 2925 111 2972 25
125 2905 266 2984 ἀργαλέην
280 2909 374 2978 πενίην
389 2903 556 2982 άλλαξίμεν·
569 2907 700 2984 ἡμερινὸς
714 2905 744 2962 dl

124 2991 224 3073 φράζει
236 2995 309 3071 πῆμ’
325 2997 416 3059 αὐτοῖς
429 2997 476 3050 καί
489 2997 634 3051 άνάοταοιν
649 2991 818 3053 ὠλεσίοικον.

127 3262 159 3314 Et
175 3256 206 3315 θί
219 3279 275 3333 κεν,
290 3257 398 3330 ἠελίοιο
412 3259 526 3322 Λέοντος
542 3261 638 3335 μοῖραν
652 3260 749 3324 ἰόντος,

124 3351 254 3426 νύκτερος
267 3345 381 3425 όφμηθῇ
393 3349 475 3423 γαίης
489 3345 582 3411 σάλος,
600 3347 698 3401 αὐτίκα
711 3344 808 3417 πίνθη,

126 3433 271 3510 κλαυθμοί
282 3453 312 3490 τε
326 3437 458 3511 στοναχαί
470 3453 499 3490 τε
510 3432 591 3488 πόλιν
603 3435 650 3488 καί
663 3432 733 3490 λαόν
745 3435 852 3490 ἅπαντα

83 3535 111 3582 3ο
126 3518 229 3587 ἓξσυά·
244 3523 375 3599 ἠμερινός
387 3520 416 3577 bl
430 3524 520 3598 φανεὶς
533 3523 580 3575 καὶ
590 3522 676 3575 ταύτὰ
689 3525 843 3598 πιφαύσκοι.

125 3887 189 3938 quae
203 3873 281 3932 bona,
296 3885 361 3936 quas
375 3877 466 3920 eontra
480 3869 568 3919 clades
582 3869 632 3918 hoc
646 3867 733 3920 omine
748 3869 842 3934 signet.

413 3952 458 4002 Sol
471 3954 499 4002 εἐε
512 3953 609 4002 Ariete.

127 4037 209 4089 Lucis
221 4037 266 4088 ubi
279 4051 365 4088 remae
380 4037 501 4086 tenebras
512 4033 654 4099 aequaverit
666 4035 748 4096 horis,

129 4123 251 4181 Phryxea
262 4119 302 4168 sol
315 4125 405 4168 vectus
419 4116 471 4176 ovi,
485 4117 507 4166 si
521 4117 623 4166 viscera
637 4124 714 4166 terrae

128 4213 249 4266 tempore
261 4209 388 4252 nocturno
400 4205 503 4250 moveat
514 4199 662 4250 dominator
672 4213 807 4264 aquarum,

129 4290 183 4336 hoc
197 4285 355 4335 defecturam
368 4283 471 4348 siguum
485 4281 533 4332 tibi
547 4281 650 4332 nuntiat
661 4283 751 4332 urbem
765 4299 770 4331 :

129 4371 153 4420 si
170 4371 272 4418 lucente
286 4367 337 4427 die,
348 4366 404 4431 jam
416 4363 502 4414 tristia
515 4365 570 4414 fata
582 4365 697 4414 minatur

130 4453 255 4519 gentibue
269 4449 398 4511 externis3
411 4449 471 4499 illas
484 4449 619 4513 luctusque
632 4448 757 4512 dolorque

129 4547 157 4588 et
174 4543 258 4586 metue
270 4541 296 4585 et
307 4532 389 4584 series
400 4531 504 4595 urgebit
516 4533 596 4594 longa
606 4531 744 4581 malorum.

419 4623 465 4674 Sol
478 4625 506 4673 in
522 4621 614 4672 Tauro.

131 4709 252 4762 Portitor
263 4711 375 4774 Europae
387 4705 450 4758 solis
465 4721 523 4756 cum
537 4705 653 4771 possidet
665 4712 773 4765 astrum,

132 4795 156 4845 si
168 4794 227 4844 sola
240 4799 316 4842 nocte
327 4797 449 4843 tremant.
461 4788 561 4852 fugient
573 4787 665 4838 exinde
677 4787 791 4848 dolores,

132 4878 240 4942 altaque
252 4889 300 4940 pax
309 4875 401 4924 urbem
413 4871 481 4924 laetis
493 4871 521 4922 iu
531 4873 609 4922 rebus
620 4870 734 4921 habebit.

134 4961 164 5011 Si
177 4965 281 5010 moveat
294 4972 322 5007 ee
336 4965 407 5007 terra
420 4957 472 5015 die,
487 4955 559 5006 Mare
573 4955 694 5004 horridus
705 4953 764 5003 urbi

133 5043 268 5104 imminet;
281 5051 341 5092 aute
355 5041 421 5091 alios
434 5047 534 5090 vosmet
545 5046 655 5098 servate,
670 5047 797 5103 potentes.

404 5132 449 5182 Sol
462 5133 489 5181 in
505 5131 627 5181 Geminis.

135 5228 175 5290 Si,
190 5203 252 5278 curri
262 5225 437 5288 Tyndaridum
452 5223 580 5288 percurrit
593 5222 680 5274 sidera
695 5223 819 5280 Plioebue,

278 5349 447 5390 mtaotoota
467 5349 506 5387 lli.

927 577 993 652 quid
1010 575 1169 632 mortalibus
1184 575 1212 631 in
1227 575 1382 634 felicitatem
1400 575 1633 650 calamitatemque
1647 577 1688 631 in-

1502 665 1506 676 '
1596 664 1688 737 [dicet.

929 750 1043 820 Quando
1054 751 1090 806 ad
1103 767 1215 807 vernum
1226 751 1414 826 equinoctium
1428 751 1568 808 advenerit

929 835 979 905 sol,
995 847 1189 912 percurretque
1204 839 1334 907 Arietem,
1347 840 1472 913 incoque
1485 846 1603 912 tempore

929 930 1030 981 terram
1044 933 1196 988 ‚nocturnus
1214 926 1444 983 Terre-dominus
1462 925 1689 993 circumvolverit,

930 1013 1039 1086 siguum
1058 1014 1142 1068 hocce
1160 1021 1202 1070 est
1222 1013 1341 1070 civitatis
1363 1013 1480 1070 defectio
1498 1031 1554 1070 nou
1567 1020 1690 1070 vastetu-

1574 1099 1690 1174 [facilis3

930 1185 973 1242 sin
988 1192 1078 1243 autem
1092 1187 1219 1256 diurnus,
1237 1187 1345 1244 nuntiat
1358 1188 1441 1244 bucce
1454 1187 1545 1244 tristia
1556 1193 1584 1243 et
1598 1203 1691 1242 erum-

930 1273 1016 1330 cledis
1026 1274 1154 1332 irruentis
1168 1275 1195 1331 in
1209 1282 1354 1332 extraneos
1367 1276 1490 1332 homines
1629 1277 1689 1347 [nas

930 1359 998 1430 fore,
1014 1361 1049 1416 ad
1061 1364 1172 1418 illorum
1186 1362 1310 1418 miserias
1323 1370 1351 1420 et
1363 1363 1461 1420 luctus.

1419 1451 1512 1525 [faciet
1523 1468 1573 1524 per
1585 1457 1691 1506 noctem

931 1535 981 1592 Sin
1002 1542 1103 1605 autem,
1122 1539 1177 1593 sole
1197 1553 1282 1610 supra
1302 1539 1420 1594 Taurum
1439 1546 1530 1606 eunte,
1552 1538 1693 1611 impetum-

932 1629 1033 1691 motus,
1049 1623 1140 1680 clades
1154 1624 1263 1696 quidem
1276 1625 1437 1699 dispereunt
1447 1625 1555 1694 deinde,

933 1709 1080 1783 laetitiaque
1094 1727 1144 1784 per
1158 1709 1253 1766 urbem
1267 1716 1299 1782 pt
1317 1719 1345 1768 et
1360 1728 1413 1784 pax
1428 1713 1543 1780 llorene;

933 1797 1046 1854 diumus
1058 1806 1148 1855 autem
1164 1799 1245 1856 all'ert
1255 1799 1317 1856 belli
1330 1800 1423 1872 magni
1435 1800 1541 1856 civitati

933 1902 1004 1960 opus
1020 1885 1173 1944 invadentis
1191 1886 1220 1942 in
1234 1887 1406 1961 potentiores
1426 1906 1434 1944 ε
1457 1889 1549 1962 ἰίοφυο
1564 1905 1629 1944 cave
1644 1887 1691 1942 sis.

934 2060 983 2117 Sin
994 2067 1085 2117 autem
1097 2061 1124 2116 in
1138 2060 1258 2119 Geminis
1271 2069 1398 2118 versante
1413 2061 1480 2130 sole,

934 2155 1068 2204 nocturna
1080 2147 1121 2204 ira
1138 2148 1332 2223 circumagitur
1346 2157 1521 2222 perferrem,
1541 2191 1543 2196 .

935 2235 1071 2308 significat
1084 2235 1205 2293 infensos
1218 2236 1346 2293 mortales
1360 2237 1616 2294 hastatis-manibus

935 2330 1053 2379 vestram
1080 2340 1274 2396 aggressuros,
1295 2323 1342 2380 ubi
1369 2325 1441 2380 mala
1467 2325 1565 2392 ferant,
1595 2333 1695 2381 terrem

936 2409 977 2466 sin
991 2417 1080 2466 autem
1090 2411 1198 2480 diurna,
1208 2417 1275 2467 tunc
1288 2427 1370 2484 reges
1384 2410 1540 2468 inhonorati
1563 2413 1695 2484 [omnem;

937 2505 1027 2564 erunt,
1040 2497 1232 2571 ductoresque,
1249 2498 1362 2554 deorum
1376 2497 1418 2552 ira
1433 2496 1613 2554 inimicorum.

937 2653 1699 2727 Sinautem,pergradumCauorisole[est,nocturnaerit

938 2742 1064 2810 vadente,
1080 2741 1127 2796 ubi
1140 2757 1206 2797 sane
1220 2740 1467 2798 estiva-conversio
1480 2745 1501 2797 i.
1517 2757 1541 2798 e.
1555 2739 1699 2798 solstitium

939 2834 1019 2883 terrae
1033 2826 1185 2895 concussio,
1198 2827 1251 2882 boc
1267 2826 1376 2884 nunbat
1394 2825 1575 2883 calamitatem
1588 2843 1700 2899 gravem

941 2922 969 2972 et
985 2913 1149 2971 laboriosam
1167 2921 1357 2988 paupertatem
1376 2912 1697 2970 alternis-vicibuslore:

1486 3001 1595 3076 [diurna
1609 3008 1698 3057 autem

942 3079 1065 3166 precidit
1087 3091 1189 3146 cladem
1211 3090 1308 3146 iisdem
1334 3097 1362 3147 et
1387 3089 1556 3146 eversionem
1580 3089 1700 3144 familiis-

1535 3175 1698 3250 [exitiosam.

942 3265 991 3323 Sin
1003 3273 1103 3335 autem,
1119 3264 1175 3322 sole
1190 3263 1288 3320 Leonis
1302 3263 1416 3336 gradum
1432 3263 1558 3332 adeunte,

942 3349 1698 3423 nodamenta-estterrieagitatio,statimluctus[sum.

943 3441 1077 3512 fletusque
1087 3439 1260 3512 gemitusque
1274 3436 1411 3494 civitatem
1419 3445 1446 3494 et
1456 3437 1585 3512 populum
1594 3436 1701 3492 univer·

943 3529 1098 3596 habebunt,
1120 3529 1218 3584 diurna
1233 3535 1323 3584 autem
1342 3527 1365 3582 si
1383 3526 1550 3600 apparuerit,
1566 3533 1594 3582 et
1608 3524 1699 3580 eadem

1562 3611 1701 3684 [loquitur.

948 3871 988 3922 ira
998 3873 1075 3922 derim
1086 3871 1186 3938 quatiat
1199 3877 1325 3922 nocturno
1337 3875 1453 3933 tempore
1466 3874 1573 3927 terram,

948 3954 1054 4004 ensibus
1067 3962 1183 4005 armatus
1197 3953 1273 4004 saevis
1284 3951 1411 4003 exercitus
1424 3949 1507 4001 hostis

948 4037 1097 4088 innumeras
1109 4045 1212 4103 strages
1225 4035 1322 4087 nocuis
1333 4036 1361 4086 in
1372 4033 1467 4085 tinibus
1478 4034 1538 4084 edet
1552 4049 1559 4082 :

948 4122 994 4171 flat
1004 4120 1074 4171 idem
1085 4119 1108 4171 si
1119 4121 1185 4171 forte
1199 4121 1251 4180 die,
1266 4118 1323 4170 sine
1337 4116 1441 4169 nomine
1454 4131 1541 4182 reges,

947 4203 1085 4272 ignavique
1096 4203 1175 4254 duces
1187 4203 1309 4268 supersim
1320 4201 1456 4251 mittentur
1467 4201 1500 4251 ab
1513 4199 1560 4250 ira.

1220 4319 1306 4370 Solia
1321 4319 1430 4370 θακεεο.

948 4420 985 4482 Si,
1001 4437 1060 4472 cum
1072 4419 1211 4472 solstitium
1226 4426 1266 4469 eat
1276 4419 1419 4482 Lemaeque
1433 4417 1570 4482 paludibus
1584 4423 1657 4466 ortua

947 4507 1030 4558 solem
1043 4519 1138 4555 cancer
1149 4504 1238 4564 habet,
1249 4502 1311 4552 dum
1324 4501 1417 4551 eaelum
1428 4507 1504 4549 nocte
1518 4505 1629 4558 tenetur,

947 4597 1019 4640 terra
1030 4587 1127 4646 tremit,
1140 4586 1229 4636 tristes
1242 4591 1331 4635 monet
1341 4583 1491 4648 impendere
1505 4581 1618 4640 labores,

947 4673 1150 4740 pauperiemque
1164 4670 1239 4736 sequi
1249 4671 1355 4731 duram,
1368 4668 1392 4720 si
1404 4669 1461 4718 luce
1474 4675 1601 4724 movetur,

948 4756 1074 4808 excidium
1089 4754 1208 4806 domibus
1223 4759 1311 4819 portat
1322 4759 1472 4815 motumque
1484 4750 1619 4800 rebellem.

1232 4863 1278 4914 Sol
1291 4863 1319 4912 in
1332 4861 1423 4912 Leone.

949 4967 1010 5017 Sole
1023 4967 1171 5015 Cleonaeum
1185 4961 1297 5012 flammis
1309 4966 1401 5011 urente
1415 4959 1527 5019 leonem,

949 5050 971 5099 ei
986 5065 1014 5100 se
1028 5045 1159 5098 concutiat
1171 5043 1249 5096 tellus
1263 5049 1400 5102 nocturna,
1414 5042 1519 5092 dolores

864 5125 866 5130 ⁵
949 5135 1118 5198 planctusque
1134 5136 1161 5179 et
1177 5127 1293 5178 lacrimae
1312 5125 1486 5191 populumque
1504 5125 1646 5190 urbemque
1667 5140 1707 5173 se-

950 5221 1084 5280 exspectee
1096 5211 1196 5271 eadem,
1209 5210 1287 5261 tellus
1299 5208 1321 5260 ei
1332 5210 1391 5259 luce
1404 5207 1517 5259 vacillet.
1566 5209 1686 5271 [quentur
1701 5221 1707 5253 :

1535 5318 1568 5370 26
