<?xml version="1.0" encoding="UTF-8"?>
<!DOCTYPE html PUBLIC "-//W3C//DTD XHTML 1.0 Transitional//EN"
    "http://www.w3.org/TR/xhtml1/DTD/xhtml1-transitional.dtd">
<html xmlns="http://www.w3.org/1999/xhtml" xml:lang="en" lang="en">
 <head>
  <title>
</title>
<meta http-equiv="Content-Type" content="text/html;charset=utf-8" />
  <meta name='ocr-system' content='tesseract 3.04.00' />
  <meta name='ocr-capabilities' content='ocr_page ocr_carea ocr_par ocr_line ocrx_word'/>
</head>
<body>
  <div class='ocr_page' id='page_1' title='image "./epigrammatumant02couggoog/epigrammatumant02couggoog_0469.png"; bbox 0 0 3882 6080; ppageno 0'>
   <div class='ocr_carea' id='block_1_1' title="bbox 562 575 1503 672">
    <p class='ocr_par' dir='ltr' id='par_1_1' title="bbox 562 575 1503 672">
     <span class='ocr_line' id='line_1_1' title="bbox 562 575 1503 672; baseline -0.003 -1"><span class='ocrx_word' id='word_1_1' title='bbox 562 577 765 672; x_wconf 87' lang='lat' dir='ltr'><strong>BREVIS</strong></span> <span class='ocrx_word' id='word_1_2' title='bbox 798 577 1116 670; x_wconf 78' lang='lat' dir='ltr'><strong>annotatio</strong></span> <span class='ocrx_word' id='word_1_3' title='bbox 1153 577 1212 669; x_wconf 89' lang='grc' dir='ltr'><strong>ΙΝ</strong></span> <span class='ocrx_word' id='word_1_4' title='bbox 1241 575 1420 670; x_wconf 88' lang='lat' dir='ltr'><strong>CAPUT</strong></span> <span class='ocrx_word' id='word_1_5' title='bbox 1449 576 1503 668; x_wconf 89' lang='lat' dir='ltr'><strong>V.</strong></span> 
     </span>
    </p>
   </div>
   <div class='ocr_carea' id='block_1_2' title="bbox 900 796 1177 828">
    <p class='ocr_par' dir='ltr' id='par_1_2' title="bbox 900 796 1177 828">
     <span class='ocr_line' id='line_1_2' title="bbox 900 796 1177 828; baseline 0.007 -12"><span class='ocrx_word' id='word_1_6' title='bbox 900 796 1177 828; x_wconf 47' lang='grc' dir='ltr'><strong>-ςμ-ι</strong></span> 
     </span>
    </p>
   </div>
   <div class='ocr_carea' id='block_1_3' title="bbox 251 971 1009 1960">
    <p class='ocr_par' dir='ltr' id='par_1_3' title="bbox 251 971 1009 1960">
     <span class='ocr_line' id='line_1_3' title="bbox 283 971 1007 1036; baseline -0.008 -9"><span class='ocrx_word' id='word_1_7' title='bbox 283 979 303 1027; x_wconf 95' lang='grc' dir='ltr'><strong>Ι.</strong></span> <span class='ocrx_word' id='word_1_8' title='bbox 321 978 358 1027; x_wconf 80' lang='lat' dir='ltr'><strong>Dx</strong></span> <span class='ocrx_word' id='word_1_9' title='bbox 373 977 506 1034; x_wconf 87' lang='lat' dir='ltr'><strong>Plutarch,</strong></span> <span class='ocrx_word' id='word_1_10' title='bbox 530 977 623 1025; x_wconf 77' lang='lat' dir='ltr'><strong>Lacon.</strong></span> <span class='ocrx_word' id='word_1_11' title='bbox 653 976 735 1024; x_wconf 82' lang='lat' dir='ltr'><strong>instit.</strong></span> <span class='ocrx_word' id='word_1_12' title='bbox 753 975 870 1032; x_wconf 80' lang='lat' dir='ltr'>XXXIV,</span> <span class='ocrx_word' id='word_1_13' title='bbox 894 971 1007 1036; x_wconf 85' lang='lat' dir='ltr'><strong>exceptis</strong></span> 
     </span>
     <span class='ocr_line' id='line_1_4' title="bbox 251 1038 1007 1108; baseline -0.008 -16"><span class='ocrx_word' id='word_1_14' title='bbox 251 1043 363 1108; x_wconf 88' lang='lat' dir='ltr'><strong>quinque</strong></span> <span class='ocrx_word' id='word_1_15' title='bbox 375 1041 505 1108; x_wconf 80' lang='lat' dir='ltr'><strong>prioribus</strong></span> <span class='ocrx_word' id='word_1_16' title='bbox 517 1057 606 1090; x_wconf 86' lang='lat' dir='ltr'><strong>versus</strong></span> <span class='ocrx_word' id='word_1_17' title='bbox 621 1041 689 1092; x_wconf 92' lang='lat' dir='ltr'><strong>tertii</strong></span> <span class='ocrx_word' id='word_1_18' title='bbox 704 1040 799 1100; x_wconf 91' lang='lat' dir='ltr'><strong>verbis,</strong></span> <span class='ocrx_word' id='word_1_19' title='bbox 808 1055 865 1102; x_wconf 88' lang='lat' dir='ltr'><strong>quae</strong></span> <span class='ocrx_word' id='word_1_20' title='bbox 878 1038 1007 1103; x_wconf 79' lang='lat' dir='ltr'><strong>suppleui-</strong></span> 
     </span>
     <span class='ocr_line' id='line_1_5' title="bbox 251 1105 1005 1172; baseline -0.005 -14"><span class='ocrx_word' id='word_1_21' title='bbox 251 1125 308 1158; x_wconf 85' lang='lat' dir='ltr'><strong>mus</strong></span> <span class='ocrx_word' id='word_1_22' title='bbox 320 1125 350 1158; x_wconf 85' lang='lat' dir='ltr'><strong>ex</strong></span> <span class='ocrx_word' id='word_1_23' title='bbox 364 1110 432 1159; x_wconf 85' lang='lat' dir='ltr'><strong>Sext.</strong></span> <span class='ocrx_word' id='word_1_24' title='bbox 449 1106 548 1172; x_wconf 80' lang='lat' dir='ltr'><strong>[impin.</strong></span> <span class='ocrx_word' id='word_1_25' title='bbox 563 1107 689 1169; x_wconf 81' lang='lat' dir='ltr'><strong>Pprrisors.</strong></span> <span class='ocrx_word' id='word_1_26' title='bbox 701 1107 794 1170; x_wconf 80' lang='lat' dir='ltr'><strong>lippet.</strong></span> <span class='ocrx_word' id='word_1_27' title='bbox 805 1105 850 1163; x_wconf 92' lang='lat' dir='ltr'><strong>lii,</strong></span> <span class='ocrx_word' id='word_1_28' title='bbox 860 1107 900 1166; x_wconf 90' lang='grc'><strong>24,</strong></span> <span class='ocrx_word' id='word_1_29' title='bbox 910 1120 936 1168; x_wconf 87' lang='lat' dir='ltr'><strong>p.</strong></span> <span class='ocrx_word' id='word_1_30' title='bbox 949 1105 1005 1154; x_wconf 87' lang='grc'><strong>181.</strong></span> 
     </span>
     <span class='ocr_line' id='line_1_6' title="bbox 252 1169 1007 1236; baseline -0.008 -13"><span class='ocrx_word' id='word_1_31' title='bbox 252 1174 328 1224; x_wconf 81' lang='lat' dir='ltr'><strong>Prius</strong></span> <span class='ocrx_word' id='word_1_32' title='bbox 345 1172 473 1224; x_wconf 80' lang='lat' dir='ltr'><strong>distichon</strong></span> <span class='ocrx_word' id='word_1_33' title='bbox 490 1173 601 1223; x_wconf 77' lang='lat' dir='ltr'><strong>servavit</strong></span> <span class='ocrx_word' id='word_1_34' title='bbox 616 1172 805 1236; x_wconf 80' lang='lat' dir='ltr'><strong>Aristophanes</strong></span> <span class='ocrx_word' id='word_1_35' title='bbox 824 1169 851 1220; x_wconf 92' lang='lat' dir='ltr'><strong>in</strong></span> <span class='ocrx_word' id='word_1_36' title='bbox 864 1172 930 1219; x_wconf 85' lang='lat' dir='ltr'><strong>Pace</strong></span> <span class='ocrx_word' id='word_1_37' title='bbox 944 1170 1007 1218; x_wconf 79' lang='lat'><strong>1298</strong></span> 
     </span>
     <span class='ocr_line' id='line_1_7' title="bbox 251 1236 1006 1304; baseline -0.009 -14"><span class='ocrx_word' id='word_1_38' title='bbox 251 1255 320 1304; x_wconf 65' lang='lat' dir='ltr'><strong>sqq„</strong></span> <span class='ocrx_word' id='word_1_39' title='bbox 329 1239 360 1290; x_wconf 90' lang='lat' dir='ltr'><strong>de</strong></span> <span class='ocrx_word' id='word_1_40' title='bbox 372 1241 465 1304; x_wconf 88' lang='lat' dir='ltr'><strong>quibus</strong></span> <span class='ocrx_word' id='word_1_41' title='bbox 479 1240 560 1288; x_wconf 90' lang='lat' dir='ltr'><strong>schol.</strong></span> <span class='ocrx_word' id='word_1_42' title='bbox 575 1243 588 1288; x_wconf 87' lang='lat' dir='ltr'><strong>t</strong></span> <span class='ocrx_word' id='word_1_43' title='bbox 607 1239 740 1302; x_wconf 70' lang='grc' dir='ltr'><strong>Ἀρχίλοχος</strong></span> <span class='ocrx_word' id='word_1_44' title='bbox 752 1239 846 1296; x_wconf 75' lang='grc' dir='ltr'><strong>ἐξῆλθεν</strong></span> <span class='ocrx_word' id='word_1_45' title='bbox 860 1238 891 1291; x_wconf 82' lang='grc' dir='ltr'><strong>εἰς</strong></span> <span class='ocrx_word' id='word_1_46' title='bbox 902 1236 1006 1298; x_wconf 83' lang='grc' dir='ltr'><strong>πόλεμον</strong></span> 
     </span>
     <span class='ocr_line' id='line_1_8' title="bbox 252 1301 1007 1372; baseline -0.007 -19"><span class='ocrx_word' id='word_1_47' title='bbox 252 1306 276 1354; x_wconf 81' lang='grc' dir='ltr'><strong>ἐν</strong></span> <span class='ocrx_word' id='word_1_48' title='bbox 303 1307 333 1366; x_wconf 82' lang='grc' dir='ltr'><strong>τῆ</strong></span> <span class='ocrx_word' id='word_1_49' title='bbox 355 1307 416 1372; x_wconf 84' lang='grc' dir='ltr'><strong>πρὸς</strong></span> <span class='ocrx_word' id='word_1_50' title='bbox 432 1303 518 1359; x_wconf 80' lang='grc' dir='ltr'><strong>Σαίους</strong></span> <span class='ocrx_word' id='word_1_51' title='bbox 544 1306 617 1368; x_wconf 83' lang='grc' dir='ltr'><strong>μάχῃ·</strong></span> <span class='ocrx_word' id='word_1_52' title='bbox 641 1305 691 1351; x_wconf 85' lang='grc' dir='ltr'><strong>ἐστὶ</strong></span> <span class='ocrx_word' id='word_1_53' title='bbox 710 1305 736 1352; x_wconf 78' lang='grc' dir='ltr'><strong>δὲ</strong></span> <span class='ocrx_word' id='word_1_54' title='bbox 756 1305 823 1358; x_wconf 80' lang='grc' dir='ltr'><strong>ἔθνος</strong></span> <span class='ocrx_word' id='word_1_55' title='bbox 841 1301 948 1367; x_wconf 78' lang='grc' dir='ltr'>Θρᾴκης·</span> <span class='ocrx_word' id='word_1_56' title='bbox 966 1301 1007 1349; x_wconf 87' lang='grc' dir='ltr'><strong>καὶ</strong></span> 
     </span>
     <span class='ocr_line' id='line_1_9' title="bbox 251 1365 1006 1436; baseline -0.009 -15"><span class='ocrx_word' id='word_1_57' title='bbox 251 1365 363 1432; x_wconf 69' lang='lat' dir='ltr'><strong>pedaticis</strong></span> <span class='ocrx_word' id='word_1_58' title='bbox 389 1373 461 1434; x_wconf 78' lang='grc' dir='ltr'><strong>ἔφυγε</strong></span> <span class='ocrx_word' id='word_1_59' title='bbox 482 1371 553 1436; x_wconf 80' lang='grc' dir='ltr'><strong>ῥίψας</strong></span> <span class='ocrx_word' id='word_1_60' title='bbox 568 1369 657 1419; x_wconf 78' lang='grc' dir='ltr'><strong>ἑαυτοῦ</strong></span> <span class='ocrx_word' id='word_1_61' title='bbox 679 1371 709 1418; x_wconf 82' lang='lat' dir='ltr'><strong>rei</strong></span> <span class='ocrx_word' id='word_1_62' title='bbox 727 1365 1006 1418; x_wconf 80' lang='grc' dir='ltr'><strong>ὁπλα.Ρ1οι.1οο.οἰι.</strong></span> 
     </span>
     <span class='ocr_line' id='line_1_10' title="bbox 259 1433 1008 1503; baseline -0.008 -17"><span class='ocrx_word' id='word_1_63' title='bbox 259 1439 393 1503; x_wconf 70' lang='grc' dir='ltr'><strong>Ἀρχίλοχον</strong></span> <span class='ocrx_word' id='word_1_64' title='bbox 403 1437 444 1486; x_wconf 87' lang='grc' dir='ltr'><strong>τδν</strong></span> <span class='ocrx_word' id='word_1_65' title='bbox 455 1438 557 1494; x_wconf 74' lang='grc' dir='ltr'><strong>ποιητὴν</strong></span> <span class='ocrx_word' id='word_1_66' title='bbox 568 1436 592 1485; x_wconf 84' lang='grc' dir='ltr'><strong>ἑν</strong></span> <span class='ocrx_word' id='word_1_67' title='bbox 603 1436 766 1497; x_wconf 83' lang='grc' dir='ltr'><strong>Λακεδαίμονι</strong></span> <span class='ocrx_word' id='word_1_68' title='bbox 778 1435 917 1498; x_wconf 85' lang='grc' dir='ltr'><strong>γινόμενον,</strong></span> <span class='ocrx_word' id='word_1_69' title='bbox 933 1433 1008 1490; x_wconf 83' lang='grc' dir='ltr'><strong>αὐτῆς</strong></span> 
     </span>
     <span class='ocr_line' id='line_1_11' title="bbox 252 1499 1008 1568; baseline -0.008 -18"><span class='ocrx_word' id='word_1_70' title='bbox 252 1505 317 1568; x_wconf 85' lang='grc' dir='ltr'><strong>ὥρας</strong></span> <span class='ocrx_word' id='word_1_71' title='bbox 341 1503 450 1564; x_wconf 75' lang='grc' dir='ltr'><strong>ἐδίωξαν,</strong></span> <span class='ocrx_word' id='word_1_72' title='bbox 466 1503 527 1551; x_wconf 83' lang='grc' dir='ltr'>διότι</span> <span class='ocrx_word' id='word_1_73' title='bbox 550 1503 689 1562; x_wconf 74' lang='grc' dir='ltr'>ἐπέγνωσαν</span> <span class='ocrx_word' id='word_1_74' title='bbox 707 1501 780 1548; x_wconf 78' lang='grc' dir='ltr'><strong>αὐτὸν</strong></span> <span class='ocrx_word' id='word_1_75' title='bbox 798 1499 963 1558; x_wconf 78' lang='grc' dir='ltr'><strong>πεποιηκότα,</strong></span> <span class='ocrx_word' id='word_1_76' title='bbox 976 1500 1008 1552; x_wconf 83' lang='grc' dir='ltr'><strong>ὡς</strong></span> 
     </span>
     <span class='ocr_line' id='line_1_12' title="bbox 252 1562 1008 1632; baseline -0.008 -16"><span class='ocrx_word' id='word_1_77' title='bbox 252 1569 362 1632; x_wconf 84' lang='grc' dir='ltr'><strong>κρεῖττόν</strong></span> <span class='ocrx_word' id='word_1_78' title='bbox 382 1569 448 1618; x_wconf 86' lang='grc' dir='ltr'><strong>ἐστιν</strong></span> <span class='ocrx_word' id='word_1_79' title='bbox 456 1569 583 1617; x_wconf 71' lang='lat' dir='ltr'><strong>daedaleis</strong></span> <span class='ocrx_word' id='word_1_80' title='bbox 593 1569 623 1616; x_wconf 84' lang='grc' dir='ltr'><strong>τὰ</strong></span> <span class='ocrx_word' id='word_1_81' title='bbox 637 1569 699 1618; x_wconf 83' lang='grc' dir='ltr'><strong>ὅπλα</strong></span> <span class='ocrx_word' id='word_1_82' title='bbox 715 1563 731 1626; x_wconf 81' lang='grc' dir='ltr'>ἦ</span> <span class='ocrx_word' id='word_1_83' title='bbox 743 1565 870 1615; x_wconf 83' lang='grc' dir='ltr'><strong>ἀποθανεῖν</strong></span> <span class='ocrx_word' id='word_1_84' title='bbox 885 1592 924 1611; x_wconf 96' lang='grc'><strong>.-</strong></span> <span class='ocrx_word' id='word_1_85' title='bbox 932 1562 1008 1612; x_wconf 81' lang='lat' dir='ltr'><strong>Prius</strong></span> 
     </span>
     <span class='ocr_line' id='line_1_13' title="bbox 252 1629 1007 1696; baseline -0.008 -14"><span class='ocrx_word' id='word_1_86' title='bbox 252 1633 383 1684; x_wconf 76' lang='lat' dir='ltr'><strong>distichon</strong></span> <span class='ocrx_word' id='word_1_87' title='bbox 395 1633 434 1684; x_wconf 90' lang='lat' dir='ltr'><strong>bis</strong></span> <span class='ocrx_word' id='word_1_88' title='bbox 446 1631 593 1682; x_wconf 85' lang='lat' dir='ltr'><strong>laudavitet</strong></span> <span class='ocrx_word' id='word_1_89' title='bbox 607 1633 730 1688; x_wconf 87' lang='lat' dir='ltr'><strong>Strabon,</strong></span> <span class='ocrx_word' id='word_1_90' title='bbox 742 1632 775 1688; x_wconf 86' lang='lat' dir='ltr'><strong>X,</strong></span> <span class='ocrx_word' id='word_1_91' title='bbox 790 1648 816 1696; x_wconf 94' lang='lat' dir='ltr'><strong>p.</strong></span> <span class='ocrx_word' id='word_1_92' title='bbox 832 1632 889 1686; x_wconf 81' lang='grc'>702,</span> <span class='ocrx_word' id='word_1_93' title='bbox 901 1630 935 1690; x_wconf 76' lang='lat' dir='ltr'><strong>B,</strong></span> <span class='ocrx_word' id='word_1_94' title='bbox 949 1629 1007 1684; x_wconf 85' lang='lat' dir='ltr'><strong>Xll,</strong></span> 
     </span>
     <span class='ocr_line' id='line_1_14' title="bbox 252 1695 1008 1763; baseline -0.007 -15"><span class='ocrx_word' id='word_1_95' title='bbox 252 1715 278 1763; x_wconf 89' lang='lat' dir='ltr'><strong>p.</strong></span> <span class='ocrx_word' id='word_1_96' title='bbox 293 1701 341 1748; x_wconf 81' lang='grc'><strong>827</strong></span> <span class='ocrx_word' id='word_1_97' title='bbox 354 1701 385 1749; x_wconf 87' lang='grc' dir='ltr'><strong>Α.</strong></span> <span class='ocrx_word' id='word_1_98' title='bbox 402 1699 440 1749; x_wconf 83' lang='lat' dir='ltr'><strong>ci.</strong></span> <span class='ocrx_word' id='word_1_99' title='bbox 463 1698 588 1748; x_wconf 89' lang='lat' dir='ltr'><strong>Philostr.</strong></span> <span class='ocrx_word' id='word_1_100' title='bbox 609 1697 716 1763; x_wconf 81' lang='lat' dir='ltr'><strong>Apellen</strong></span> <span class='ocrx_word' id='word_1_101' title='bbox 737 1698 787 1746; x_wconf 83' lang='lat' dir='ltr'><strong>Vit.</strong></span> <span class='ocrx_word' id='word_1_102' title='bbox 808 1712 833 1760; x_wconf 94' lang='lat' dir='ltr'><strong>p.</strong></span> <span class='ocrx_word' id='word_1_103' title='bbox 852 1699 892 1744; x_wconf 80' lang='lat'><strong>55.</strong></span> <span class='ocrx_word' id='word_1_104' title='bbox 909 1695 1008 1744; x_wconf 86' lang='lat' dir='ltr'><strong>-iios</strong></span> 
     </span>
     <span class='ocr_line' id='line_1_15' title="bbox 252 1759 1008 1829; baseline -0.004 -18"><span class='ocrx_word' id='word_1_105' title='bbox 252 1780 340 1814; x_wconf 86' lang='lat' dir='ltr'><strong>versus</strong></span> <span class='ocrx_word' id='word_1_106' title='bbox 354 1765 472 1815; x_wconf 83' lang='lat' dir='ltr'><strong>dedimus</strong></span> <span class='ocrx_word' id='word_1_107' title='bbox 483 1764 544 1829; x_wconf 89' lang='lat' dir='ltr'><strong>quia</strong></span> <span class='ocrx_word' id='word_1_108' title='bbox 557 1763 632 1814; x_wconf 87' lang='lat' dir='ltr'><strong>nobis</strong></span> <span class='ocrx_word' id='word_1_109' title='bbox 640 1761 746 1812; x_wconf 88' lang='lat' dir='ltr'><strong>minime</strong></span> <span class='ocrx_word' id='word_1_110' title='bbox 756 1771 917 1827; x_wconf 89' lang='lat' dir='ltr'><strong>compertum</strong></span> <span class='ocrx_word' id='word_1_111' title='bbox 932 1766 971 1809; x_wconf 91' lang='lat' dir='ltr'><strong>est</strong></span> <span class='ocrx_word' id='word_1_112' title='bbox 982 1759 1008 1808; x_wconf 95' lang='lat' dir='ltr'><strong>id</strong></span> 
     </span>
     <span class='ocr_line' id='line_1_16' title="bbox 252 1825 1009 1894; baseline -0.009 -14"><span class='ocrx_word' id='word_1_113' title='bbox 252 1845 309 1880; x_wconf 90' lang='lat' dir='ltr'><strong>esse</strong></span> <span class='ocrx_word' id='word_1_114' title='bbox 327 1845 379 1880; x_wconf 87' lang='lat' dir='ltr'><strong>non</strong></span> <span class='ocrx_word' id='word_1_115' title='bbox 395 1831 524 1894; x_wconf 83' lang='lat' dir='ltr'><strong>integrum</strong></span> <span class='ocrx_word' id='word_1_116' title='bbox 538 1829 632 1894; x_wconf 64' lang='lat' dir='ltr'><strong>epigr„</strong></span> <span class='ocrx_word' id='word_1_117' title='bbox 651 1829 695 1878; x_wconf 89' lang='lat' dir='ltr'><strong>sed</strong></span> <span class='ocrx_word' id='word_1_118' title='bbox 715 1829 810 1894; x_wconf 86' lang='lat' dir='ltr'><strong>potius,</strong></span> <span class='ocrx_word' id='word_1_119' title='bbox 829 1836 858 1877; x_wconf 93' lang='lat' dir='ltr'><strong>ut</strong></span> <span class='ocrx_word' id='word_1_120' title='bbox 878 1825 1009 1876; x_wconf 77' lang='lat' dir='ltr'><strong>Brundisio</strong></span> 
     </span>
     <span class='ocr_line' id='line_1_17' title="bbox 253 1895 557 1960; baseline 0.003 -17"><span class='ocrx_word' id='word_1_121' title='bbox 253 1895 359 1960; x_wconf 84' lang='lat' dir='ltr'><strong>placuit,</strong></span> <span class='ocrx_word' id='word_1_122' title='bbox 373 1897 557 1960; x_wconf 80' lang='lat' dir='ltr'><strong>fragmentum.</strong></span> 
     </span>
    </p>
   </div>
   <div class='ocr_carea' id='block_1_4' title="bbox 252 2009 1010 2472">
    <p class='ocr_par' dir='ltr' id='par_1_4' title="bbox 252 2009 1010 2472">
     <span class='ocr_line' id='line_1_18' title="bbox 284 2009 1010 2089; baseline -0.008 -26"><span class='ocrx_word' id='word_1_123' title='bbox 284 2015 317 2064; x_wconf 95' lang='lat' dir='ltr'><strong>il.</strong></span> <span class='ocrx_word' id='word_1_124' title='bbox 336 2015 373 2063; x_wconf 81' lang='lat' dir='ltr'><strong>Ex</strong></span> <span class='ocrx_word' id='word_1_125' title='bbox 385 2015 478 2064; x_wconf 90' lang='lat' dir='ltr'><strong>Athen.</strong></span> <span class='ocrx_word' id='word_1_126' title='bbox 492 2015 537 2076; x_wconf 88' lang='grc' dir='ltr'>ΙΙΙ,</span> <span class='ocrx_word' id='word_1_127' title='bbox 559 2029 586 2089; x_wconf 87' lang='grc' dir='ltr'><strong>ρ.</strong></span> <span class='ocrx_word' id='word_1_128' title='bbox 611 2015 666 2062; x_wconf 78' lang='grc'><strong>125.</strong></span> <span class='ocrx_word' id='word_1_129' title='bbox 682 2011 739 2062; x_wconf 90' lang='lat' dir='ltr'><strong>Asii</strong></span> <span class='ocrx_word' id='word_1_130' title='bbox 762 2010 845 2060; x_wconf 88' lang='lat' dir='ltr'><strong>Samii</strong></span> <span class='ocrx_word' id='word_1_131' title='bbox 861 2011 956 2074; x_wconf 88' lang='lat' dir='ltr'><strong>iragrn.</strong></span> <span class='ocrx_word' id='word_1_132' title='bbox 972 2009 1010 2057; x_wconf 94' lang='lat' dir='ltr'><strong>De</strong></span> 
     </span>
     <span class='ocr_line' id='line_1_19' title="bbox 253 2077 1008 2145; baseline -0.009 -15"><span class='ocrx_word' id='word_1_133' title='bbox 253 2095 303 2145; x_wconf 89' lang='lat' dir='ltr'><strong>quo</strong></span> <span class='ocrx_word' id='word_1_134' title='bbox 319 2088 395 2144; x_wconf 86' lang='lat' dir='ltr'><strong>poeta</strong></span> <span class='ocrx_word' id='word_1_135' title='bbox 412 2081 463 2130; x_wconf 81' lang='lat' dir='ltr'><strong>vid.</strong></span> <span class='ocrx_word' id='word_1_136' title='bbox 483 2081 619 2144; x_wconf 81' lang='lat' dir='ltr'><strong>Heynrum,</strong></span> <span class='ocrx_word' id='word_1_137' title='bbox 640 2079 667 2128; x_wconf 84' lang='lat' dir='ltr'><strong>in</strong></span> <span class='ocrx_word' id='word_1_138' title='bbox 680 2077 799 2142; x_wconf 74' lang='lat' dir='ltr'><strong>Apolloni.</strong></span> <span class='ocrx_word' id='word_1_139' title='bbox 816 2077 861 2136; x_wconf 94' lang='lat' dir='ltr'><strong>lli,</strong></span> <span class='ocrx_word' id='word_1_140' title='bbox 875 2077 898 2134; x_wconf 86' lang='lat'><strong>8,</strong></span> <span class='ocrx_word' id='word_1_141' title='bbox 914 2078 939 2132; x_wconf 93' lang='grc'><strong>2,</strong></span> <span class='ocrx_word' id='word_1_142' title='bbox 955 2083 1008 2124; x_wconf 84' lang='grc' dir='ltr'><strong>ιιοι.</strong></span> 
     </span>
     <span class='ocr_line' id='line_1_20' title="bbox 253 2141 1009 2210; baseline -0.008 -16"><span class='ocrx_word' id='word_1_143' title='bbox 253 2163 278 2210; x_wconf 87' lang='lat' dir='ltr'><strong>p.</strong></span> <span class='ocrx_word' id='word_1_144' title='bbox 292 2141 349 2194; x_wconf 83' lang='lat' dir='ltr'><strong>art.</strong></span> <span class='ocrx_word' id='word_1_145' title='bbox 363 2147 443 2195; x_wconf 87' lang='lat' dir='ltr'><strong>Plura</strong></span> <span class='ocrx_word' id='word_1_146' title='bbox 456 2161 487 2194; x_wconf 87' lang='lat' dir='ltr'><strong>ex</strong></span> <span class='ocrx_word' id='word_1_147' title='bbox 501 2161 532 2195; x_wconf 89' lang='lat' dir='ltr'><strong>eo</strong></span> <span class='ocrx_word' id='word_1_148' title='bbox 541 2151 727 2194; x_wconf 90' lang='lat' dir='ltr'><strong>commemorat</strong></span> <span class='ocrx_word' id='word_1_149' title='bbox 738 2142 892 2200; x_wconf 80' lang='lat' dir='ltr'><strong>Pausanias,</strong></span> <span class='ocrx_word' id='word_1_150' title='bbox 908 2142 938 2190; x_wconf 88' lang='lat' dir='ltr'><strong>de</strong></span> <span class='ocrx_word' id='word_1_151' title='bbox 953 2141 1009 2204; x_wconf 91' lang='lat' dir='ltr'><strong>qui·</strong></span> 
     </span>
     <span class='ocr_line' id='line_1_21' title="bbox 252 2207 1008 2275; baseline -0.005 -17"><span class='ocrx_word' id='word_1_152' title='bbox 252 2213 300 2260; x_wconf 88' lang='lat' dir='ltr'><strong>bus</strong></span> <span class='ocrx_word' id='word_1_153' title='bbox 314 2211 389 2261; x_wconf 91' lang='lat' dir='ltr'><strong>docte</strong></span> <span class='ocrx_word' id='word_1_154' title='bbox 404 2211 545 2275; x_wconf 82' lang='lat' dir='ltr'><strong>disputavit</strong></span> <span class='ocrx_word' id='word_1_155' title='bbox 562 2210 730 2260; x_wconf 78' lang='lat' dir='ltr'><strong>Walitenaer.</strong></span> <span class='ocrx_word' id='word_1_156' title='bbox 742 2208 855 2258; x_wconf 71' lang='lat' dir='ltr'><strong>Dtntrib,</strong></span> <span class='ocrx_word' id='word_1_157' title='bbox 879 2224 904 2272; x_wconf 93' lang='lat' dir='ltr'><strong>p.</strong></span> <span class='ocrx_word' id='word_1_158' title='bbox 925 2207 1008 2256; x_wconf 82' lang='grc'><strong>58-59.</strong></span> 
     </span>
     <span class='ocr_line' id='line_1_22' title="bbox 255 2273 1007 2341; baseline -0.008 -15"><span class='ocrx_word' id='word_1_159' title='bbox 255 2280 344 2326; x_wconf 70' lang='lat' dir='ltr'><strong>”Esset</strong></span> <span class='ocrx_word' id='word_1_160' title='bbox 359 2275 526 2341; x_wconf 81' lang='lat' dir='ltr'><strong>genealogias</strong></span> <span class='ocrx_word' id='word_1_161' title='bbox 540 2275 619 2325; x_wconf 85' lang='lat' dir='ltr'><strong>Asius</strong></span> <span class='ocrx_word' id='word_1_162' title='bbox 634 2282 690 2325; x_wconf 86' lang='lat' dir='ltr'><strong>erat</strong></span> <span class='ocrx_word' id='word_1_163' title='bbox 704 2283 864 2339; x_wconf 88' lang='lat' dir='ltr'><strong>persecutus.</strong></span> <span class='ocrx_word' id='word_1_164' title='bbox 877 2301 907 2310; x_wconf 92' lang='lat'>-</span> <span class='ocrx_word' id='word_1_165' title='bbox 922 2273 968 2322; x_wconf 89' lang='lat' dir='ltr'><strong>Vs.</strong></span> <span class='ocrx_word' id='word_1_166' title='bbox 985 2275 1007 2320; x_wconf 82' lang='grc'><strong>3.</strong></span> 
     </span>
     <span class='ocr_line' id='line_1_23' title="bbox 252 2338 1008 2405; baseline -0.008 -13"><span class='ocrx_word' id='word_1_167' title='bbox 252 2343 364 2404; x_wconf 82' lang='grc' dir='ltr'><strong>ἄκλητος,</strong></span> <span class='ocrx_word' id='word_1_168' title='bbox 374 2344 508 2392; x_wconf 84' lang='lat' dir='ltr'><strong>invocatus</strong></span> <span class='ocrx_word' id='word_1_169' title='bbox 517 2341 544 2402; x_wconf 91' lang='lat' dir='ltr'><strong>(i.</strong></span> <span class='ocrx_word' id='word_1_170' title='bbox 560 2357 582 2390; x_wconf 89' lang='lat' dir='ltr'><strong>e.</strong></span> <span class='ocrx_word' id='word_1_171' title='bbox 597 2356 649 2390; x_wconf 89' lang='lat' dir='ltr'><strong>uon</strong></span> <span class='ocrx_word' id='word_1_172' title='bbox 660 2343 786 2405; x_wconf 82' lang='lat' dir='ltr'><strong>vocatus),</strong></span> <span class='ocrx_word' id='word_1_173' title='bbox 802 2349 828 2388; x_wconf 87' lang='lat' dir='ltr'><strong>nt</strong></span> <span class='ocrx_word' id='word_1_174' title='bbox 837 2339 906 2404; x_wconf 89' lang='lat' dir='ltr'><strong>apud</strong></span> <span class='ocrx_word' id='word_1_175' title='bbox 922 2338 1008 2388; x_wconf 89' lang='lat' dir='ltr'><strong>Plaut.</strong></span> 
     </span>
     <span class='ocr_line' id='line_1_24' title="bbox 255 2405 714 2472; baseline -0.009 -14"><span class='ocrx_word' id='word_1_176' title='bbox 255 2409 330 2472; x_wconf 83' lang='lat' dir='ltr'><strong>Copt.</strong></span> <span class='ocrx_word' id='word_1_177' title='bbox 344 2423 368 2456; x_wconf 87' lang='lat' dir='ltr'><strong>v.</strong></span> <span class='ocrx_word' id='word_1_178' title='bbox 384 2410 409 2468; x_wconf 92' lang='grc'><strong>2,</strong></span> <span class='ocrx_word' id='word_1_179' title='bbox 423 2407 558 2472; x_wconf 78' lang='lat' dir='ltr'><strong>Ergasilus</strong></span> <span class='ocrx_word' id='word_1_180' title='bbox 574 2405 714 2471; x_wconf 86' lang='lat' dir='ltr'><strong>parasitus.</strong></span> 
     </span>
    </p>
   </div>
   <div class='ocr_carea' id='block_1_5' title="bbox 252 2525 1011 3035">
    <p class='ocr_par' dir='ltr' id='par_1_5' title="bbox 252 2525 1011 3035">
     <span class='ocr_line' id='line_1_25' title="bbox 285 2525 1010 2590; baseline -0.006 -15"><span class='ocrx_word' id='word_1_181' title='bbox 285 2525 329 2576; x_wconf 88' lang='lat' dir='ltr'><strong>iii.</strong></span> <span class='ocrx_word' id='word_1_182' title='bbox 351 2527 427 2590; x_wconf 85' lang='lat' dir='ltr'><strong>Apud</strong></span> <span class='ocrx_word' id='word_1_183' title='bbox 448 2527 544 2576; x_wconf 80' lang='lat' dir='ltr'><strong>Athen.</strong></span> <span class='ocrx_word' id='word_1_184' title='bbox 559 2527 592 2582; x_wconf 86' lang='lat' dir='ltr'><strong>X,</strong></span> <span class='ocrx_word' id='word_1_185' title='bbox 608 2541 634 2588; x_wconf 89' lang='lat' dir='ltr'><strong>p.</strong></span> <span class='ocrx_word' id='word_1_186' title='bbox 649 2526 707 2582; x_wconf 81' lang='grc'>456,</span> <span class='ocrx_word' id='word_1_187' title='bbox 725 2540 747 2573; x_wconf 84' lang='grc' dir='ltr'><strong>ε.</strong></span> <span class='ocrx_word' id='word_1_188' title='bbox 765 2525 806 2574; x_wconf 86' lang='grc'><strong>84.</strong></span> <span class='ocrx_word' id='word_1_189' title='bbox 826 2525 946 2574; x_wconf 81' lang='grc' dir='ltr'><strong>Φαυὶ.....</strong></span> <span class='ocrx_word' id='word_1_190' title='bbox 970 2525 1010 2574; x_wconf 84' lang='grc' dir='ltr'><strong>καὶ</strong></span> 
     </span>
     <span class='ocr_line' id='line_1_26' title="bbox 253 2585 1010 2656; baseline -0.003 -16"><span class='ocrx_word' id='word_1_191' title='bbox 253 2585 314 2640; x_wconf 70' lang='grc' dir='ltr'><strong>εἶναι</strong></span> <span class='ocrx_word' id='word_1_192' title='bbox 327 2593 367 2640; x_wconf 90' lang='grc' dir='ltr'><strong>τὸν</strong></span> <span class='ocrx_word' id='word_1_193' title='bbox 383 2593 425 2652; x_wconf 85' lang='grc' dir='ltr'><strong>μὲν</strong></span> <span class='ocrx_word' id='word_1_194' title='bbox 437 2593 465 2641; x_wconf 82' lang='grc' dir='ltr'><strong>οὐ</strong></span> <span class='ocrx_word' id='word_1_195' title='bbox 478 2595 583 2656; x_wconf 83' lang='grc' dir='ltr'><strong>φέροντα</strong></span> <span class='ocrx_word' id='word_1_196' title='bbox 597 2591 624 2638; x_wconf 89' lang='grc' dir='ltr'><strong>τὸ</strong></span> <span class='ocrx_word' id='word_1_197' title='bbox 637 2589 796 2651; x_wconf 78' lang='grc' dir='ltr'><strong>τοδτίττιγος</strong></span> <span class='ocrx_word' id='word_1_198' title='bbox 807 2589 901 2650; x_wconf 82' lang='grc' dir='ltr'><strong>ἄεθλον,</strong></span> <span class='ocrx_word' id='word_1_199' title='bbox 910 2591 951 2638; x_wconf 88' lang='grc' dir='ltr'><strong>τὸν</strong></span> <span class='ocrx_word' id='word_1_200' title='bbox 964 2592 1010 2640; x_wconf 85' lang='grc' dir='ltr'><strong>οὐκ</strong></span> 
     </span>
     <span class='ocr_line' id='line_1_27' title="bbox 253 2655 1010 2726; baseline -0.003 -20"><span class='ocrx_word' id='word_1_201' title='bbox 253 2659 365 2706; x_wconf 79' lang='grc' dir='ltr'><strong>ἐθέλοντα</strong></span> <span class='ocrx_word' id='word_1_202' title='bbox 378 2657 450 2726; x_wconf 80' lang='grc' dir='ltr'><strong>ᾅδειν,</strong></span> <span class='ocrx_word' id='word_1_203' title='bbox 468 2655 639 2715; x_wconf 78' lang='grc' dir='ltr'><strong>Πανοπηιάδην</strong></span> <span class='ocrx_word' id='word_1_204' title='bbox 656 2657 682 2705; x_wconf 78' lang='grc' dir='ltr'><strong>δὲ</strong></span> <span class='ocrx_word' id='word_1_205' title='bbox 700 2657 741 2706; x_wconf 89' lang='grc' dir='ltr'><strong>τόν</strong></span> <span class='ocrx_word' id='word_1_206' title='bbox 759 2659 824 2714; x_wconf 89' lang='grc' dir='ltr'><strong>όνον,</strong></span> <span class='ocrx_word' id='word_1_207' title='bbox 842 2657 903 2716; x_wconf 85' lang='grc' dir='ltr'><strong>με’γα</strong></span> <span class='ocrx_word' id='word_1_208' title='bbox 916 2657 1010 2704; x_wconf 82' lang='grc' dir='ltr'><strong>δεῖπνον</strong></span> 
     </span>
     <span class='ocr_line' id='line_1_28' title="bbox 252 2720 1010 2786; baseline 0 -16"><span class='ocrx_word' id='word_1_209' title='bbox 252 2723 296 2780; x_wconf 81' lang='grc' dir='ltr'><strong>τήν</strong></span> <span class='ocrx_word' id='word_1_210' title='bbox 315 2723 411 2786; x_wconf 76' lang='grc' dir='ltr'><strong>χοίνικα</strong></span> <span class='ocrx_word' id='word_1_211' title='bbox 431 2724 479 2771; x_wconf 85' lang='grc' dir='ltr'><strong>τῶν</strong></span> <span class='ocrx_word' id='word_1_212' title='bbox 500 2724 630 2785; x_wconf 65' lang='grc' dir='ltr'><strong>κριθῶν...</strong></span> <span class='ocrx_word' id='word_1_213' title='bbox 652 2720 793 2772; x_wconf 89' lang='lat' dir='ltr'><strong>Simonidis</strong></span> <span class='ocrx_word' id='word_1_214' title='bbox 815 2720 903 2770; x_wconf 91' lang='lat' dir='ltr'><strong>asinus</strong></span> <span class='ocrx_word' id='word_1_215' title='bbox 924 2721 1010 2786; x_wconf 80' lang='lat' dir='ltr'><strong>Epeus</strong></span> 
     </span>
     <span class='ocr_line' id='line_1_29' title="bbox 252 2785 1011 2853; baseline -0.001 -18"><span class='ocrx_word' id='word_1_216' title='bbox 252 2789 393 2837; x_wconf 85' lang='lat' dir='ltr'><strong>vocabatur</strong></span> <span class='ocrx_word' id='word_1_217' title='bbox 406 2788 485 2838; x_wconf 83' lang='grc' dir='ltr'><strong>διὰτὸ</strong></span> <span class='ocrx_word' id='word_1_218' title='bbox 505 2788 688 2850; x_wconf 83' lang='grc' dir='ltr'><strong>μυθολογεῖσθαι</strong></span> <span class='ocrx_word' id='word_1_219' title='bbox 699 2785 773 2836; x_wconf 80' lang='grc' dir='ltr'><strong>τοῦτο</strong></span> <span class='ocrx_word' id='word_1_220' title='bbox 784 2787 841 2853; x_wconf 83' lang='grc' dir='ltr'><strong>δρᾶν</strong></span> <span class='ocrx_word' id='word_1_221' title='bbox 855 2787 957 2845; x_wconf 73' lang='grc' dir='ltr'><strong>ἐκεῖνον,</strong></span> <span class='ocrx_word' id='word_1_222' title='bbox 970 2787 1011 2836; x_wconf 81' lang='grc' dir='ltr'><strong>καί</strong></span> 
     </span>
     <span class='ocr_line' id='line_1_30' title="bbox 253 2853 1009 2928; baseline -0.003 -26"><span class='ocrx_word' id='word_1_223' title='bbox 253 2853 432 2919; x_wconf 76' lang='grc' dir='ltr'><strong>ἀναγεγράφθαι</strong></span> <span class='ocrx_word' id='word_1_224' title='bbox 450 2855 474 2904; x_wconf 83' lang='grc' dir='ltr'><strong>ἐν</strong></span> <span class='ocrx_word' id='word_1_225' title='bbox 492 2855 527 2916; x_wconf 83' lang='grc' dir='ltr'><strong>τῷ</strong></span> <span class='ocrx_word' id='word_1_226' title='bbox 542 2859 585 2903; x_wconf 83' lang='grc' dir='ltr'><strong>τοῦ</strong></span> <span class='ocrx_word' id='word_1_227' title='bbox 607 2853 752 2908; x_wconf 73' lang='grc' dir='ltr'><strong>Ἀπόλλωνος</strong></span> <span class='ocrx_word' id='word_1_228' title='bbox 769 2854 826 2917; x_wconf 78' lang='grc' dir='ltr'><strong>ἱερῷ</strong></span> <span class='ocrx_word' id='word_1_229' title='bbox 844 2855 886 2900; x_wconf 85' lang='grc' dir='ltr'><strong>τὸν</strong></span> <span class='ocrx_word' id='word_1_230' title='bbox 900 2853 1009 2928; x_wconf 85' lang='grc' dir='ltr'><strong>Τρωικόν</strong></span> 
     </span>
     <span class='ocr_line' id='line_1_31' title="bbox 254 2913 1011 2986; baseline 0 -18"><span class='ocrx_word' id='word_1_231' title='bbox 254 2919 339 2980; x_wconf 75' lang='grc' dir='ltr'><strong>μόθον,</strong></span> <span class='ocrx_word' id='word_1_232' title='bbox 352 2920 376 2967; x_wconf 81' lang='grc' dir='ltr'><strong>ὲν</strong></span> <span class='ocrx_word' id='word_1_233' title='bbox 392 2913 412 2986; x_wconf 85' lang='grc' dir='ltr'><strong>ᾧ</strong></span> <span class='ocrx_word' id='word_1_234' title='bbox 432 2919 526 2975; x_wconf 86' lang='grc' dir='ltr'><strong>Ἐπειός</strong></span> <span class='ocrx_word' id='word_1_235' title='bbox 536 2919 667 2984; x_wconf 79' lang='grc' dir='ltr'><strong>ὑδροφορεῖ</strong></span> <span class='ocrx_word' id='word_1_236' title='bbox 680 2919 731 2974; x_wconf 85' lang='grc' dir='ltr'><strong>τοῖς</strong></span> <span class='ocrx_word' id='word_1_237' title='bbox 747 2921 881 2983; x_wconf 73' lang='grc' dir='ltr'><strong>Ἀτρείδαις.</strong></span> <span class='ocrx_word' id='word_1_238' title='bbox 897 2919 956 2970; x_wconf 85' lang='lat' dir='ltr'><strong>Vrd.</strong></span> <span class='ocrx_word' id='word_1_239' title='bbox 973 2925 1011 2968; x_wconf 88' lang='lat' dir='ltr'><strong>to-</strong></span> 
     </span>
     <span class='ocr_line' id='line_1_32' title="bbox 253 2984 629 3035; baseline 0.003 -2"><span class='ocrx_word' id='word_1_240' title='bbox 253 2993 308 3034; x_wconf 87' lang='lat' dir='ltr'><strong>tum</strong></span> <span class='ocrx_word' id='word_1_241' title='bbox 322 2985 391 3035; x_wconf 88' lang='lat' dir='ltr'><strong>hunc</strong></span> <span class='ocrx_word' id='word_1_242' title='bbox 400 2984 520 3034; x_wconf 84' lang='lat' dir='ltr'><strong>Athenaei</strong></span> <span class='ocrx_word' id='word_1_243' title='bbox 535 2985 629 3034; x_wconf 91' lang='lat' dir='ltr'><strong>locum.</strong></span> 
     </span>
    </p>
   </div>
   <div class='ocr_carea' id='block_1_6' title="bbox 252 3101 1013 3626">
    <p class='ocr_par' dir='ltr' id='par_1_6' title="bbox 252 3101 1013 3626">
     <span class='ocr_line' id='line_1_33' title="bbox 286 3101 1013 3168; baseline -0.003 -16"><span class='ocrx_word' id='word_1_244' title='bbox 286 3103 331 3152; x_wconf 95' lang='lat' dir='ltr'><strong>iV.</strong></span> <span class='ocrx_word' id='word_1_245' title='bbox 347 3103 385 3152; x_wconf 84' lang='lat' dir='ltr'><strong>Ex</strong></span> <span class='ocrx_word' id='word_1_246' title='bbox 406 3101 523 3168; x_wconf 81' lang='lat' dir='ltr'><strong>Diogene</strong></span> <span class='ocrx_word' id='word_1_247' title='bbox 544 3101 648 3152; x_wconf 88' lang='lat' dir='ltr'><strong>Laertio</strong></span> <span class='ocrx_word' id='word_1_248' title='bbox 667 3102 736 3158; x_wconf 91' lang='lat' dir='ltr'><strong>Vlii,</strong></span> <span class='ocrx_word' id='word_1_249' title='bbox 759 3117 784 3166; x_wconf 90' lang='lat' dir='ltr'><strong>p.</strong></span> <span class='ocrx_word' id='word_1_250' title='bbox 805 3103 851 3150; x_wconf 82' lang='lat'><strong>53³</strong></span> <span class='ocrx_word' id='word_1_251' title='bbox 867 3117 874 3152; x_wconf 86' lang='lat'>:</span> <span class='ocrx_word' id='word_1_252' title='bbox 889 3104 1013 3166; x_wconf 76' lang='grc' dir='ltr'><strong>’Ἄκρωνος</strong></span> 
     </span>
     <span class='ocr_line' id='line_1_34' title="bbox 252 3167 1011 3234; baseline 0 -18"><span class='ocrx_word' id='word_1_253' title='bbox 252 3167 337 3234; x_wconf 78' lang='grc' dir='ltr'><strong>ἰατροῦ</strong></span> <span class='ocrx_word' id='word_1_254' title='bbox 355 3171 428 3217; x_wconf 82' lang='grc' dir='ltr'><strong>τόπον</strong></span> <span class='ocrx_word' id='word_1_255' title='bbox 448 3167 575 3224; x_wconf 72' lang='grc' dir='ltr'><strong>αἰτοῦντας</strong></span> <span class='ocrx_word' id='word_1_256' title='bbox 590 3169 656 3231; x_wconf 84' lang='grc' dir='ltr'><strong>παρὰ</strong></span> <span class='ocrx_word' id='word_1_257' title='bbox 668 3169 711 3226; x_wconf 82' lang='grc' dir='ltr'><strong>τῆς</strong></span> <span class='ocrx_word' id='word_1_258' title='bbox 724 3169 813 3232; x_wconf 83' lang='grc' dir='ltr'><strong>βουλῆς</strong></span> <span class='ocrx_word' id='word_1_259' title='bbox 829 3168 862 3222; x_wconf 83' lang='grc' dir='ltr'><strong>είς</strong></span> <span class='ocrx_word' id='word_1_260' title='bbox 882 3169 925 3224; x_wconf 77' lang='grc' dir='ltr'><strong>τὴν</strong></span> <span class='ocrx_word' id='word_1_261' title='bbox 937 3184 1011 3216; x_wconf 91' lang='grc' dir='ltr'><strong>κατα-</strong></span> 
     </span>
     <span class='ocr_line' id='line_1_35' title="bbox 253 3233 1011 3299; baseline -0.004 -16"><span class='ocrx_word' id='word_1_262' title='bbox 253 3233 1011 3299; x_wconf 77' lang='grc' dir='ltr'><strong>σκευήνπατρῴουμνήματοςθιθιτήνίντοῖςίατρσῖςίικρότητα,</strong></span> 
     </span>
     <span class='ocr_line' id='line_1_36' title="bbox 252 3297 1012 3364; baseline -0.001 -16"><span class='ocrx_word' id='word_1_263' title='bbox 252 3302 375 3364; x_wconf 80' lang='grc' dir='ltr'><strong>παρελθὼν</strong></span> <span class='ocrx_word' id='word_1_264' title='bbox 397 3304 410 3349; x_wconf 85' lang='lat' dir='ltr'><strong>t</strong></span> <span class='ocrx_word' id='word_1_265' title='bbox 438 3301 602 3362; x_wconf 74' lang='grc' dir='ltr'><strong>Ἐμπεδοκλῆς</strong></span> <span class='ocrx_word' id='word_1_266' title='bbox 620 3300 743 3358; x_wconf 74' lang='grc' dir='ltr'><strong>ἐκώλυσε,</strong></span> <span class='ocrx_word' id='word_1_267' title='bbox 766 3299 797 3348; x_wconf 81' lang='grc' dir='ltr'><strong>τό</strong></span> <span class='ocrx_word' id='word_1_268' title='bbox 823 3315 850 3348; x_wconf 88' lang='grc' dir='ltr'><strong>τε</strong></span> <span class='ocrx_word' id='word_1_269' title='bbox 880 3297 938 3348; x_wconf 77' lang='grc' dir='ltr'><strong>ἀλλα</strong></span> <span class='ocrx_word' id='word_1_270' title='bbox 957 3299 1012 3362; x_wconf 84' lang='grc' dir='ltr'><strong>περὶ</strong></span> 
     </span>
     <span class='ocr_line' id='line_1_37' title="bbox 252 3364 1012 3430; baseline -0.003 -16"><span class='ocrx_word' id='word_1_271' title='bbox 252 3367 366 3424; x_wconf 76' lang='grc' dir='ltr'><strong>ἰσότητος</strong></span> <span class='ocrx_word' id='word_1_272' title='bbox 374 3367 510 3430; x_wconf 79' lang='grc' dir='ltr'><strong>διαλεχθείς,</strong></span> <span class='ocrx_word' id='word_1_273' title='bbox 523 3367 563 3414; x_wconf 87' lang='grc' dir='ltr'><strong>καί</strong></span> <span class='ocrx_word' id='word_1_274' title='bbox 578 3381 616 3415; x_wconf 89' lang='grc' dir='ltr'><strong>τοι</strong></span> <span class='ocrx_word' id='word_1_275' title='bbox 628 3366 668 3414; x_wconf 90' lang='grc' dir='ltr'><strong>καὶ</strong></span> <span class='ocrx_word' id='word_1_276' title='bbox 680 3370 791 3414; x_wconf 86' lang='grc' dir='ltr'><strong>τοιοῦτον</strong></span> <span class='ocrx_word' id='word_1_277' title='bbox 802 3365 936 3429; x_wconf 76' lang='grc' dir='ltr'><strong>ἐρωτήσας·</strong></span> <span class='ocrx_word' id='word_1_278' title='bbox 948 3364 978 3414; x_wconf 87' lang='grc' dir='ltr'><strong>Τί</strong></span> <span class='ocrx_word' id='word_1_279' title='bbox 987 3365 1012 3412; x_wconf 80' lang='lat' dir='ltr'><strong>et</strong></span> 
     </span>
     <span class='ocr_line' id='line_1_38' title="bbox 253 3427 1011 3496; baseline 0 -17"><span class='ocrx_word' id='word_1_280' title='bbox 253 3432 418 3496; x_wconf 71' lang='grc' dir='ltr'><strong>ἐπιγράψομεν</strong></span> <span class='ocrx_word' id='word_1_281' title='bbox 430 3433 544 3494; x_wconf 82' lang='grc' dir='ltr'><strong>ἐλεγεῖον,</strong></span> <span class='ocrx_word' id='word_1_282' title='bbox 562 3427 578 3490; x_wconf 81' lang='grc' dir='ltr'><strong>ἦ</strong></span> <span class='ocrx_word' id='word_1_283' title='bbox 594 3430 677 3481; x_wconf 86' lang='grc' dir='ltr'><strong>τυῖιτο·</strong></span> <span class='ocrx_word' id='word_1_284' title='bbox 694 3431 792 3496; x_wconf 68' lang='grc' dir='ltr'><strong>’Ἄκρον</strong></span> <span class='ocrx_word' id='word_1_285' title='bbox 802 3429 884 3494; x_wconf 78' lang='grc' dir='ltr'><strong>ἰητρὸν</strong></span> <span class='ocrx_word' id='word_1_286' title='bbox 902 3429 1011 3493; x_wconf 76' lang='grc' dir='ltr'><strong>’Ἄκρων’</strong></span> 
     </span>
     <span class='ocr_line' id='line_1_39' title="bbox 261 3495 1010 3562; baseline -0.004 -16"><span class='ocrx_word' id='word_1_287' title='bbox 261 3497 442 3562; x_wconf 68' lang='grc' dir='ltr'><strong>Ἀκραγαντῖνος</strong></span> <span class='ocrx_word' id='word_1_288' title='bbox 464 3515 491 3546; x_wconf 97' lang='grc' dir='ltr'><strong>π.</strong></span> <span class='ocrx_word' id='word_1_289' title='bbox 511 3512 591 3557; x_wconf 90' lang='grc' dir='ltr'><strong>α.....;</strong></span> <span class='ocrx_word' id='word_1_290' title='bbox 607 3496 676 3552; x_wconf 74' lang='grc' dir='ltr'><strong>Τινὲς</strong></span> <span class='ocrx_word' id='word_1_291' title='bbox 692 3497 718 3546; x_wconf 77' lang='grc' dir='ltr'><strong>δὲ</strong></span> <span class='ocrx_word' id='word_1_292' title='bbox 738 3497 780 3544; x_wconf 85' lang='grc' dir='ltr'><strong>τόν</strong></span> <span class='ocrx_word' id='word_1_293' title='bbox 795 3495 909 3560; x_wconf 85' lang='grc' dir='ltr'><strong>δεύτερον</strong></span> <span class='ocrx_word' id='word_1_294' title='bbox 928 3495 1010 3561; x_wconf 86' lang='grc' dir='ltr'><strong>στίχον</strong></span> 
     </span>
     <span class='ocr_line' id='line_1_40' title="bbox 253 3562 502 3626; baseline 0 -16"><span class='ocrx_word' id='word_1_295' title='bbox 253 3562 318 3612; x_wconf 69' lang='grc' dir='ltr'><strong>οὕτω</strong></span> <span class='ocrx_word' id='word_1_296' title='bbox 330 3564 502 3626; x_wconf 80' lang='grc' dir='ltr'><strong>προφέρονται·</strong></span> 
     </span>
    </p>
   </div>
   <div class='ocr_carea' id='block_1_7' title="bbox 349 3652 912 3719">
    <p class='ocr_par' dir='ltr' id='par_1_7' title="bbox 349 3652 912 3719">
     <span class='ocr_line' id='line_1_41' title="bbox 349 3652 912 3719; baseline 0 -17"><span class='ocrx_word' id='word_1_297' title='bbox 349 3655 487 3718; x_wconf 74' lang='grc' dir='ltr'><strong>ἀκροτάτας</strong></span> <span class='ocrx_word' id='word_1_298' title='bbox 497 3655 605 3718; x_wconf 83' lang='grc' dir='ltr'><strong>κορυφῆς</strong></span> <span class='ocrx_word' id='word_1_299' title='bbox 616 3655 709 3717; x_wconf 81' lang='grc' dir='ltr'><strong>τύμδος</strong></span> <span class='ocrx_word' id='word_1_300' title='bbox 722 3652 798 3719; x_wconf 77' lang='grc' dir='ltr'><strong>ἄκρος</strong></span> <span class='ocrx_word' id='word_1_301' title='bbox 807 3653 912 3718; x_wconf 77' lang='grc' dir='ltr'><strong>κατέχει.</strong></span> 
     </span>
    </p>
   </div>
   <div class='ocr_carea' id='block_1_8' title="bbox 252 3747 1012 4342">
    <p class='ocr_par' dir='ltr' id='par_1_8' title="bbox 252 3747 1012 4342">
     <span class='ocr_line' id='line_1_42' title="bbox 252 3747 1010 3816; baseline 0.001 -15"><span class='ocrx_word' id='word_1_302' title='bbox 252 3751 332 3802; x_wconf 80' lang='grc' dir='ltr'><strong>Τοῦτό</strong></span> <span class='ocrx_word' id='word_1_303' title='bbox 346 3769 408 3808; x_wconf 85' lang='grc' dir='ltr'><strong>τινες</strong></span> <span class='ocrx_word' id='word_1_304' title='bbox 421 3754 555 3815; x_wconf 83' lang='grc' dir='ltr'><strong>Σιμωνίδου</strong></span> <span class='ocrx_word' id='word_1_305' title='bbox 573 3753 644 3816; x_wconf 84' lang='grc' dir='ltr'><strong>φασίν</strong></span> <span class='ocrx_word' id='word_1_306' title='bbox 657 3747 726 3804; x_wconf 75' lang='lat' dir='ltr'><strong>sisar.</strong></span> <span class='ocrx_word' id='word_1_307' title='bbox 743 3754 856 3802; x_wconf 87' lang='lat' dir='ltr'><strong>Protulit</strong></span> <span class='ocrx_word' id='word_1_308' title='bbox 866 3761 893 3803; x_wconf 91' lang='lat' dir='ltr'><strong>et</strong></span> <span class='ocrx_word' id='word_1_309' title='bbox 907 3753 1010 3811; x_wconf 87' lang='lat' dir='ltr'><strong>Suidas,</strong></span> 
     </span>
     <span class='ocr_line' id='line_1_43' title="bbox 253 3817 1011 3884; baseline -0.001 -16"><span class='ocrx_word' id='word_1_310' title='bbox 253 3833 276 3866; x_wconf 79' lang='lat' dir='ltr'><strong>v.</strong></span> <span class='ocrx_word' id='word_1_311' title='bbox 293 3820 397 3882; x_wconf 69' lang='lat' dir='ltr'><strong>”Aspara</strong></span> <span class='ocrx_word' id='word_1_312' title='bbox 420 3818 470 3868; x_wconf 91' lang='lat' dir='ltr'><strong>hoc</strong></span> <span class='ocrx_word' id='word_1_313' title='bbox 494 3817 624 3868; x_wconf 87' lang='lat' dir='ltr'><strong>distichon</strong></span> <span class='ocrx_word' id='word_1_314' title='bbox 647 3819 715 3884; x_wconf 90' lang='lat' dir='ltr'><strong>quod</strong></span> <span class='ocrx_word' id='word_1_315' title='bbox 733 3819 883 3868; x_wconf 68' lang='lat' dir='ltr'><strong>antestante</strong></span> <span class='ocrx_word' id='word_1_316' title='bbox 908 3818 1011 3868; x_wconf 86' lang='lat' dir='ltr'><strong>nomine</strong></span> 
     </span>
     <span class='ocr_line' id='line_1_44' title="bbox 257 3882 1009 3946; baseline 0.003 -14"><span class='ocrx_word' id='word_1_317' title='bbox 257 3882 382 3946; x_wconf 82' lang='lat' dir='ltr'><strong>designat.</strong></span> <span class='ocrx_word' id='word_1_318' title='bbox 407 3911 437 3920; x_wconf 93' lang='lat'><strong>--</strong></span> <span class='ocrx_word' id='word_1_319' title='bbox 453 3883 491 3932; x_wconf 79' lang='lat' dir='ltr'><strong>Cf.</strong></span> <span class='ocrx_word' id='word_1_320' title='bbox 513 3883 581 3933; x_wconf 87' lang='lat' dir='ltr'><strong>Plin.</strong></span> <span class='ocrx_word' id='word_1_321' title='bbox 604 3885 638 3932; x_wconf 88' lang='lat' dir='ltr'><strong>li.</strong></span> <span class='ocrx_word' id='word_1_322' title='bbox 658 3885 691 3936; x_wconf 88' lang='lat' dir='ltr'><strong>N.</strong></span> <span class='ocrx_word' id='word_1_323' title='bbox 714 3885 808 3943; x_wconf 84' lang='lat' dir='ltr'>XXIX,</span> <span class='ocrx_word' id='word_1_324' title='bbox 826 3885 897 3932; x_wconf 88' lang='grc'><strong>4.-</strong></span> <span class='ocrx_word' id='word_1_325' title='bbox 920 3885 967 3934; x_wconf 92' lang='lat' dir='ltr'><strong>Vs.</strong></span> <span class='ocrx_word' id='word_1_326' title='bbox 985 3887 1009 3934; x_wconf 89' lang='grc'><strong>2.</strong></span> 
     </span>
     <span class='ocr_line' id='line_1_45' title="bbox 253 3948 1011 4013; baseline 0.005 -18"><span class='ocrx_word' id='word_1_327' title='bbox 253 3949 361 4013; x_wconf 84' lang='grc' dir='ltr'><strong>κρημνὸς</strong></span> <span class='ocrx_word' id='word_1_328' title='bbox 375 3951 428 3998; x_wconf 89' lang='grc' dir='ltr'><strong>κτλ.</strong></span> <span class='ocrx_word' id='word_1_329' title='bbox 445 3949 481 3998; x_wconf 85' lang='lat' dir='ltr'><strong>Ci.</strong></span> <span class='ocrx_word' id='word_1_330' title='bbox 498 3948 572 4013; x_wconf 87' lang='lat' dir='ltr'><strong>Virg.</strong></span> <span class='ocrx_word' id='word_1_331' title='bbox 589 3950 771 4008; x_wconf 79' lang='lat' dir='ltr'><strong>AEn.111,toa</strong></span> <span class='ocrx_word' id='word_1_332' title='bbox 791 3965 798 3998; x_wconf 89' lang='lat'>:</span> <span class='ocrx_word' id='word_1_333' title='bbox 815 3949 919 4000; x_wconf 82' lang='lat' dir='ltr'><strong>Arduus</strong></span> <span class='ocrx_word' id='word_1_334' title='bbox 930 3951 1011 3999; x_wconf 87' lang='lat' dir='ltr'><strong>Acra-</strong></span> 
     </span>
     <span class='ocr_line' id='line_1_46' title="bbox 252 4013 1009 4129; baseline 0 -65"><span class='ocrx_word' id='word_1_335' title='bbox 252 4029 301 4129; x_wconf 59' lang='lat' dir='ltr'><strong>{as</strong></span> <span class='ocrx_word' id='word_1_336' title='bbox 312 4014 631 4129; x_wconf 54' lang='lat' dir='ltr'><strong>i⁸tpeni⁸1i¹²i⁸g³¹3¹i²¹⁰nffi⁰&#39;</strong></span> <span class='ocrx_word' id='word_1_337' title='bbox 647 4015 786 4090; x_wconf 82' lang='lat' dir='ltr'><strong>Repetiere</strong></span> <span class='ocrx_word' id='word_1_338' title='bbox 797 4013 881 4075; x_wconf 89' lang='lat' dir='ltr'><strong>multi,</strong></span> <span class='ocrx_word' id='word_1_339' title='bbox 895 4015 1009 4092; x_wconf 79' lang='lat' dir='ltr'><strong>Bruncls.</strong></span> 
     </span>
     <span class='ocr_line' id='line_1_47' title="bbox 254 4081 1009 4210; baseline 0 -16"><span class='ocrx_word' id='word_1_340' title='bbox 254 4095 346 4209; x_wconf 63' lang='lat' dir='ltr'><strong>tlt.</strong></span> <span class='ocrx_word' id='word_1_341' title='bbox 361 4116 381 4200; x_wconf 76' lang='grc' dir='ltr'><strong>ι.</strong></span> <span class='ocrx_word' id='word_1_342' title='bbox 398 4117 423 4208; x_wconf 75' lang='grc' dir='ltr'><strong>ι.</strong></span> <span class='ocrx_word' id='word_1_343' title='bbox 437 4081 1009 4210; x_wconf 63' lang='grc' dir='ltr'><strong>ι..γ1.·.’.ί.1111.θ“.·1241111111ῑ</strong></span> 
     </span>
     <span class='ocr_line' id='line_1_48' title="bbox 253 4209 1012 4277; baseline 0 -17"><span class='ocrx_word' id='word_1_344' title='bbox 253 4211 434 4274; x_wconf 69' lang='grc' dir='ltr'><strong>ΡοαφκπΡίιίί·</strong></span> <span class='ocrx_word' id='word_1_345' title='bbox 450 4209 582 4274; x_wconf 70' lang='lat' dir='ltr'><strong>tatuini.</strong></span> <span class='ocrx_word' id='word_1_346' title='bbox 598 4211 696 4276; x_wconf 91' lang='lat' dir='ltr'><strong>Didot),</strong></span> <span class='ocrx_word' id='word_1_347' title='bbox 710 4219 729 4260; x_wconf 90' lang='lat' dir='ltr'><strong>t.</strong></span> <span class='ocrx_word' id='word_1_348' title='bbox 743 4212 763 4270; x_wconf 95' lang='lat' dir='ltr'><strong>i,</strong></span> <span class='ocrx_word' id='word_1_349' title='bbox 775 4227 800 4276; x_wconf 88' lang='lat' dir='ltr'><strong>p.</strong></span> <span class='ocrx_word' id='word_1_350' title='bbox 814 4213 852 4270; x_wconf 84' lang='grc'><strong>14,</strong></span> <span class='ocrx_word' id='word_1_351' title='bbox 865 4211 909 4276; x_wconf 91' lang='lat' dir='ltr'><strong>qui</strong></span> <span class='ocrx_word' id='word_1_352' title='bbox 920 4215 1012 4277; x_wconf 77' lang='lat' dir='ltr'><strong>’&#39;Aspu-</strong></span> 
     </span>
     <span class='ocr_line' id='line_1_49' title="bbox 253 4275 966 4342; baseline -0.001 -15"><span class='ocrx_word' id='word_1_353' title='bbox 253 4295 281 4327; x_wconf 86' lang='grc' dir='ltr'><strong>να</strong></span> <span class='ocrx_word' id='word_1_354' title='bbox 296 4275 395 4326; x_wconf 84' lang='lat' dir='ltr'><strong>Celsum</strong></span> <span class='ocrx_word' id='word_1_355' title='bbox 407 4291 503 4326; x_wconf 86' lang='lat' dir='ltr'><strong>vocans</strong></span> <span class='ocrx_word' id='word_1_356' title='bbox 516 4276 663 4340; x_wconf 90' lang='lat' dir='ltr'><strong>hujusmodi</strong></span> <span class='ocrx_word' id='word_1_357' title='bbox 678 4276 795 4326; x_wconf 84' lang='lat' dir='ltr'><strong>versibus</strong></span> <span class='ocrx_word' id='word_1_358' title='bbox 809 4279 868 4342; x_wconf 90' lang='lat' dir='ltr'><strong>quid</strong></span> <span class='ocrx_word' id='word_1_359' title='bbox 883 4278 944 4326; x_wconf 90' lang='lat' dir='ltr'><strong>lusit</strong></span> <span class='ocrx_word' id='word_1_360' title='bbox 960 4293 966 4327; x_wconf 93' lang='lat'>:</span> 
     </span>
    </p>
   </div>
   <div class='ocr_carea' id='block_1_9' title="bbox 297 4365 959 4476">
    <p class='ocr_par' dir='ltr' id='par_1_9' title="bbox 297 4365 959 4476">
     <span class='ocr_line' id='line_1_50' title="bbox 297 4365 959 4422; baseline 0.002 -13"><span class='ocrx_word' id='word_1_361' title='bbox 297 4365 389 4410; x_wconf 85' lang='lat' dir='ltr'><strong>Celsum</strong></span> <span class='ocrx_word' id='word_1_362' title='bbox 399 4366 582 4421; x_wconf 78' lang='lat' dir='ltr'><strong>Acragantinum</strong></span> <span class='ocrx_word' id='word_1_363' title='bbox 593 4367 703 4410; x_wconf 86' lang='lat' dir='ltr'><strong>medicum</strong></span> <span class='ocrx_word' id='word_1_364' title='bbox 714 4367 777 4409; x_wconf 86' lang='lat' dir='ltr'><strong>celso</strong></span> <span class='ocrx_word' id='word_1_365' title='bbox 792 4375 858 4422; x_wconf 86' lang='lat' dir='ltr'><strong>patre</strong></span> <span class='ocrx_word' id='word_1_366' title='bbox 873 4375 959 4420; x_wconf 87' lang='lat' dir='ltr'><strong>natum,</strong></span> 
     </span>
     <span class='ocr_line' id='line_1_51' title="bbox 377 4419 874 4476; baseline 0.006 -16"><span class='ocrx_word' id='word_1_367' title='bbox 377 4419 494 4474; x_wconf 76' lang='lat' dir='ltr'><strong>praecelsas</strong></span> <span class='ocrx_word' id='word_1_368' title='bbox 508 4419 609 4463; x_wconf 83' lang='lat' dir='ltr'><strong>tumulus</strong></span> <span class='ocrx_word' id='word_1_369' title='bbox 618 4420 693 4463; x_wconf 82' lang='lat' dir='ltr'><strong>celsus</strong></span> <span class='ocrx_word' id='word_1_370' title='bbox 705 4419 776 4463; x_wconf 87' lang='lat' dir='ltr'><strong>habet</strong></span> <span class='ocrx_word' id='word_1_371' title='bbox 786 4421 874 4476; x_wconf 83' lang='lat' dir='ltr'><strong>patries.</strong></span> 
     </span>
    </p>
   </div>
   <div class='ocr_carea' id='block_1_10' title="bbox 253 4537 1015 5328">
    <p class='ocr_par' dir='ltr' id='par_1_10' title="bbox 253 4537 1015 5328">
     <span class='ocr_line' id='line_1_52' title="bbox 284 4537 1011 4602; baseline 0.004 -14"><span class='ocrx_word' id='word_1_372' title='bbox 284 4539 316 4588; x_wconf 92' lang='lat' dir='ltr'><strong>V.</strong></span> <span class='ocrx_word' id='word_1_373' title='bbox 328 4559 341 4585; x_wconf 81' lang='grc' dir='ltr'><strong>ο</strong></span> <span class='ocrx_word' id='word_1_374' title='bbox 351 4539 390 4588; x_wconf 81' lang='lat' dir='ltr'><strong>Ex</strong></span> <span class='ocrx_word' id='word_1_375' title='bbox 399 4537 652 4602; x_wconf 79' lang='lat' dir='ltr'><strong>Hieronymilthodii</strong></span> <span class='ocrx_word' id='word_1_376' title='bbox 666 4538 862 4589; x_wconf 80' lang='lat' dir='ltr'><strong>Commentariis</strong></span> <span class='ocrx_word' id='word_1_377' title='bbox 870 4540 1011 4591; x_wconf 78' lang='lat' dir='ltr'><strong>Athenaeus</strong></span> 
     </span>
     <span class='ocr_line' id='line_1_53' title="bbox 255 4603 1015 4670; baseline 0.005 -18"><span class='ocrx_word' id='word_1_378' title='bbox 255 4613 344 4654; x_wconf 89' lang='lat' dir='ltr'><strong>narrat</strong></span> <span class='ocrx_word' id='word_1_379' title='bbox 358 4605 438 4668; x_wconf 81' lang='lat' dir='ltr'><strong>(Xill,</strong></span> <span class='ocrx_word' id='word_1_380' title='bbox 451 4619 477 4668; x_wconf 94' lang='lat' dir='ltr'><strong>p.</strong></span> <span class='ocrx_word' id='word_1_381' title='bbox 491 4605 538 4653; x_wconf 79' lang='lat' dir='ltr'><strong>ool</strong></span> <span class='ocrx_word' id='word_1_382' title='bbox 548 4603 591 4669; x_wconf 75' lang='lat' dir='ltr'><strong>ii.)</strong></span> <span class='ocrx_word' id='word_1_383' title='bbox 606 4619 664 4653; x_wconf 88' lang='lat' dir='ltr'><strong>oum</strong></span> <span class='ocrx_word' id='word_1_384' title='bbox 676 4603 799 4669; x_wconf 88' lang='lat' dir='ltr'><strong>Sophocli</strong></span> <span class='ocrx_word' id='word_1_385' title='bbox 812 4619 829 4654; x_wconf 88' lang='lat' dir='ltr'><strong>a</strong></span> <span class='ocrx_word' id='word_1_386' title='bbox 842 4621 921 4670; x_wconf 90' lang='lat' dir='ltr'><strong>puero</strong></span> <span class='ocrx_word' id='word_1_387' title='bbox 935 4621 1015 4670; x_wconf 83' lang='lat' dir='ltr'><strong>quem</strong></span> 
     </span>
     <span class='ocr_line' id='line_1_54' title="bbox 253 4669 1012 4735; baseline 0.005 -17"><span class='ocrx_word' id='word_1_388' title='bbox 253 4671 281 4718; x_wconf 93' lang='lat' dir='ltr'><strong>in</strong></span> <span class='ocrx_word' id='word_1_389' title='bbox 303 4669 404 4719; x_wconf 89' lang='lat' dir='ltr'><strong>deliciis</strong></span> <span class='ocrx_word' id='word_1_390' title='bbox 437 4671 559 4730; x_wconf 88' lang='lat' dir='ltr'><strong>habebat,</strong></span> <span class='ocrx_word' id='word_1_391' title='bbox 582 4669 690 4735; x_wconf 88' lang='lat' dir='ltr'><strong>pallium</strong></span> <span class='ocrx_word' id='word_1_392' title='bbox 712 4677 859 4735; x_wconf 88' lang='lat' dir='ltr'><strong>surreptum</strong></span> <span class='ocrx_word' id='word_1_393' title='bbox 884 4681 961 4731; x_wconf 89' lang='lat' dir='ltr'><strong>esset,</strong></span> <span class='ocrx_word' id='word_1_394' title='bbox 986 4680 1012 4722; x_wconf 91' lang='lat' dir='ltr'><strong>et</strong></span> 
     </span>
     <span class='ocr_line' id='line_1_55' title="bbox 254 4733 1011 4800; baseline 0.005 -16"><span class='ocrx_word' id='word_1_395' title='bbox 254 4734 391 4800; x_wconf 78' lang='lat' dir='ltr'><strong>Euripides</strong></span> <span class='ocrx_word' id='word_1_396' title='bbox 403 4733 519 4800; x_wconf 85' lang='lat' dir='ltr'><strong>dixisset,</strong></span> <span class='ocrx_word' id='word_1_397' title='bbox 526 4750 555 4785; x_wconf 86' lang='lat' dir='ltr'><strong>se</strong></span> <span class='ocrx_word' id='word_1_398' title='bbox 566 4735 658 4785; x_wconf 87' lang='lat' dir='ltr'><strong>eodem</strong></span> <span class='ocrx_word' id='word_1_399' title='bbox 670 4751 728 4785; x_wconf 90' lang='lat' dir='ltr'><strong>cum</strong></span> <span class='ocrx_word' id='word_1_400' title='bbox 739 4749 820 4800; x_wconf 91' lang='lat' dir='ltr'><strong>puero</strong></span> <span class='ocrx_word' id='word_1_401' title='bbox 828 4751 883 4786; x_wconf 89' lang='lat' dir='ltr'><strong>rem</strong></span> <span class='ocrx_word' id='word_1_402' title='bbox 891 4737 1011 4788; x_wconf 87' lang='lat' dir='ltr'><strong>habuisse</strong></span> 
     </span>
     <span class='ocr_line' id='line_1_56' title="bbox 254 4800 1011 4868; baseline 0.004 -19"><span class='ocrx_word' id='word_1_403' title='bbox 254 4800 325 4850; x_wconf 90' lang='lat' dir='ltr'><strong>nullo</strong></span> <span class='ocrx_word' id='word_1_404' title='bbox 339 4809 427 4850; x_wconf 87' lang='lat' dir='ltr'><strong>tamen</strong></span> <span class='ocrx_word' id='word_1_405' title='bbox 440 4810 528 4850; x_wconf 82' lang='lat' dir='ltr'><strong>rerum</strong></span> <span class='ocrx_word' id='word_1_406' title='bbox 542 4815 648 4852; x_wconf 87' lang='lat' dir='ltr'><strong>suarum</strong></span> <span class='ocrx_word' id='word_1_407' title='bbox 668 4800 835 4860; x_wconf 87' lang='lat' dir='ltr'><strong>detrimento,</strong></span> <span class='ocrx_word' id='word_1_408' title='bbox 856 4803 1011 4868; x_wconf 87' lang='lat' dir='ltr'><strong>Sophoclem</strong></span> 
     </span>
     <span class='ocr_line' id='line_1_57' title="bbox 253 4865 1010 4934; baseline 0.004 -19"><span class='ocrx_word' id='word_1_409' title='bbox 253 4865 303 4916; x_wconf 89' lang='lat' dir='ltr'><strong>hoc</strong></span> <span class='ocrx_word' id='word_1_410' title='bbox 310 4865 472 4934; x_wconf 84' lang='lat' dir='ltr'><strong>epigramma</strong></span> <span class='ocrx_word' id='word_1_411' title='bbox 480 4865 627 4931; x_wconf 78' lang='lat' dir='ltr'><strong>scripsisse,</strong></span> <span class='ocrx_word' id='word_1_412' title='bbox 634 4867 661 4916; x_wconf 90' lang='lat' dir='ltr'><strong>in</strong></span> <span class='ocrx_word' id='word_1_413' title='bbox 670 4881 721 4931; x_wconf 87' lang='lat' dir='ltr'><strong>quo</strong></span> <span class='ocrx_word' id='word_1_414' title='bbox 727 4865 845 4932; x_wconf 76' lang='lat' dir='ltr'><strong>Euripidi</strong></span> <span class='ocrx_word' id='word_1_415' title='bbox 856 4868 1010 4918; x_wconf 87' lang='lat' dir='ltr'><strong>adulterium</strong></span> 
     </span>
     <span class='ocr_line' id='line_1_58' title="bbox 254 4931 1010 4998; baseline 0.005 -18"><span class='ocrx_word' id='word_1_416' title='bbox 254 4938 322 4981; x_wconf 87' lang='lat' dir='ltr'><strong>tecte</strong></span> <span class='ocrx_word' id='word_1_417' title='bbox 336 4933 513 4996; x_wconf 81' lang='lat' dir='ltr'><strong>exprobraret.</strong></span> <span class='ocrx_word' id='word_1_418' title='bbox 536 4931 687 4998; x_wconf 84' lang='lat' dir='ltr'><strong>Respicitur</strong></span> <span class='ocrx_word' id='word_1_419' title='bbox 699 4931 728 4982; x_wconf 88' lang='lat' dir='ltr'><strong>in</strong></span> <span class='ocrx_word' id='word_1_420' title='bbox 745 4947 776 4983; x_wconf 90' lang='lat' dir='ltr'><strong>eo</strong></span> <span class='ocrx_word' id='word_1_421' title='bbox 792 4932 883 4983; x_wconf 85' lang='lat' dir='ltr'><strong>tabula</strong></span> <span class='ocrx_word' id='word_1_422' title='bbox 900 4934 932 4984; x_wconf 88' lang='lat' dir='ltr'><strong>de</strong></span> <span class='ocrx_word' id='word_1_423' title='bbox 947 4933 1010 4984; x_wconf 89' lang='lat' dir='ltr'><strong>solis</strong></span> 
     </span>
     <span class='ocr_line' id='line_1_59' title="bbox 254 4997 1009 5074; baseline 0.004 -28"><span class='ocrx_word' id='word_1_424' title='bbox 254 5011 311 5046; x_wconf 87' lang='lat' dir='ltr'><strong>cnm</strong></span> <span class='ocrx_word' id='word_1_425' title='bbox 335 4997 419 5046; x_wconf 87' lang='lat' dir='ltr'><strong>Borea</strong></span> <span class='ocrx_word' id='word_1_426' title='bbox 438 4997 590 5060; x_wconf 60' lang='lat' dir='ltr'><strong>aeramine,</strong></span> <span class='ocrx_word' id='word_1_427' title='bbox 609 5012 687 5074; x_wconf 82' lang='lat' dir='ltr'><strong>quam</strong></span> <span class='ocrx_word' id='word_1_428' title='bbox 709 5005 800 5048; x_wconf 86' lang='lat' dir='ltr'><strong>narrat</strong></span> <span class='ocrx_word' id='word_1_429' title='bbox 820 4997 945 5060; x_wconf 84' lang='lat' dir='ltr'><strong>Asianus,</strong></span> <span class='ocrx_word' id='word_1_430' title='bbox 965 5000 1009 5050; x_wconf 89' lang='lat' dir='ltr'><strong>iV.</strong></span> 
     </span>
     <span class='ocr_line' id='line_1_60' title="bbox 254 5061 1010 5130; baseline 0.003 -18"><span class='ocrx_word' id='word_1_431' title='bbox 254 5063 337 5112; x_wconf 89' lang='lat' dir='ltr'><strong>Poeta</strong></span> <span class='ocrx_word' id='word_1_432' title='bbox 351 5061 433 5126; x_wconf 89' lang='lat' dir='ltr'><strong>pueri,</strong></span> <span class='ocrx_word' id='word_1_433' title='bbox 447 5078 524 5128; x_wconf 90' lang='lat' dir='ltr'><strong>quem</strong></span> <span class='ocrx_word' id='word_1_434' title='bbox 537 5063 680 5128; x_wconf 79' lang='lat' dir='ltr'><strong>deperibat,</strong></span> <span class='ocrx_word' id='word_1_435' title='bbox 689 5077 806 5113; x_wconf 87' lang='lat' dir='ltr'><strong>amorem</strong></span> <span class='ocrx_word' id='word_1_436' title='bbox 818 5069 845 5114; x_wconf 87' lang='lat' dir='ltr'><strong>et</strong></span> <span class='ocrx_word' id='word_1_437' title='bbox 858 5064 1010 5130; x_wconf 88' lang='lat' dir='ltr'><strong>pulcritudi-</strong></span> 
     </span>
     <span class='ocr_line' id='line_1_61' title="bbox 254 5127 1009 5194; baseline 0.005 -18"><span class='ocrx_word' id='word_1_438' title='bbox 254 5143 313 5177; x_wconf 89' lang='lat' dir='ltr'><strong>nem</strong></span> <span class='ocrx_word' id='word_1_439' title='bbox 325 5128 388 5178; x_wconf 87' lang='lat' dir='ltr'><strong>solis</strong></span> <span class='ocrx_word' id='word_1_440' title='bbox 402 5127 483 5178; x_wconf 90' lang='lat' dir='ltr'><strong>calori</strong></span> <span class='ocrx_word' id='word_1_441' title='bbox 493 5137 634 5194; x_wconf 87' lang='lat' dir='ltr'><strong>comparat.</strong></span> <span class='ocrx_word' id='word_1_442' title='bbox 641 5127 750 5179; x_wconf 88' lang='lat' dir='ltr'><strong>Videtur</strong></span> <span class='ocrx_word' id='word_1_443' title='bbox 759 5128 895 5193; x_wconf 90' lang='lat' dir='ltr'><strong>igiturhoc</strong></span> <span class='ocrx_word' id='word_1_444' title='bbox 904 5130 991 5180; x_wconf 89' lang='lat' dir='ltr'><strong>dicere</strong></span> <span class='ocrx_word' id='word_1_445' title='bbox 1002 5147 1009 5180; x_wconf 78' lang='grc' dir='ltr'><strong>ι</strong></span> 
     </span>
     <span class='ocr_line' id='line_1_62' title="bbox 254 5192 1008 5259; baseline 0.005 -17"><span class='ocrx_word' id='word_1_446' title='bbox 254 5193 366 5242; x_wconf 87' lang='lat' dir='ltr'><strong>Pallium</strong></span> <span class='ocrx_word' id='word_1_447' title='bbox 379 5192 465 5258; x_wconf 87' lang='lat' dir='ltr'><strong>abjeci</strong></span> <span class='ocrx_word' id='word_1_448' title='bbox 478 5195 607 5259; x_wconf 82' lang='lat' dir='ltr'><strong>equidem,</strong></span> <span class='ocrx_word' id='word_1_449' title='bbox 616 5201 646 5245; x_wconf 89' lang='lat' dir='ltr'><strong>ut</strong></span> <span class='ocrx_word' id='word_1_450' title='bbox 659 5193 753 5255; x_wconf 81' lang='lat' dir='ltr'><strong>viator,</strong></span> <span class='ocrx_word' id='word_1_451' title='bbox 763 5209 839 5259; x_wconf 86' lang='lat' dir='ltr'><strong>quem</strong></span> <span class='ocrx_word' id='word_1_452' title='bbox 850 5194 914 5244; x_wconf 86' lang='lat' dir='ltr'><strong>solis</strong></span> <span class='ocrx_word' id='word_1_453' title='bbox 928 5197 1008 5254; x_wconf 87' lang='lat' dir='ltr'><strong>calor,</strong></span> 
     </span>
     <span class='ocr_line' id='line_1_63' title="bbox 254 5257 1010 5328; baseline 0.005 -20"><span class='ocrx_word' id='word_1_454' title='bbox 254 5257 364 5310; x_wconf 82' lang='lat' dir='ltr'><strong>utitem</strong></span> <span class='ocrx_word' id='word_1_455' title='bbox 378 5258 475 5310; x_wconf 84' lang='lat' dir='ltr'><strong>iaceret</strong></span> <span class='ocrx_word' id='word_1_456' title='bbox 489 5259 589 5326; x_wconf 83' lang='lat' dir='ltr'><strong>coegit;</strong></span> <span class='ocrx_word' id='word_1_457' title='bbox 606 5267 634 5310; x_wconf 90' lang='lat' dir='ltr'><strong>tu</strong></span> <span class='ocrx_word' id='word_1_458' title='bbox 651 5266 723 5310; x_wconf 89' lang='lat' dir='ltr'><strong>tuum</strong></span> <span class='ocrx_word' id='word_1_459' title='bbox 736 5258 854 5322; x_wconf 83' lang='lat' dir='ltr'><strong>servasti,</strong></span> <span class='ocrx_word' id='word_1_460' title='bbox 869 5259 931 5327; x_wconf 85' lang='lat' dir='ltr'><strong>quia</strong></span> <span class='ocrx_word' id='word_1_461' title='bbox 946 5277 1010 5328; x_wconf 90' lang='lat' dir='ltr'><strong>puer</strong></span> 
     </span>
    </p>
   </div>
   <div class='ocr_carea' id='block_1_11' title="bbox 1060 966 1825 1217">
    <p class='ocr_par' dir='ltr' id='par_1_11' title="bbox 1060 966 1825 1217">
     <span class='ocr_line' id='line_1_64' title="bbox 1061 966 1825 1035; baseline -0.004 -16"><span class='ocrx_word' id='word_1_462' title='bbox 1061 969 1164 1034; x_wconf 87' lang='lat' dir='ltr'><strong>quicum</strong></span> <span class='ocrx_word' id='word_1_463' title='bbox 1176 976 1201 1019; x_wconf 90' lang='lat' dir='ltr'><strong>te</strong></span> <span class='ocrx_word' id='word_1_464' title='bbox 1212 985 1268 1020; x_wconf 89' lang='lat' dir='ltr'><strong>rem</strong></span> <span class='ocrx_word' id='word_1_465' title='bbox 1281 971 1402 1020; x_wconf 86' lang='lat' dir='ltr'><strong>hahuisse</strong></span> <span class='ocrx_word' id='word_1_466' title='bbox 1412 971 1507 1035; x_wconf 87' lang='lat' dir='ltr'><strong>jactas,</strong></span> <span class='ocrx_word' id='word_1_467' title='bbox 1521 975 1622 1018; x_wconf 75' lang='lat' dir='ltr'><strong>tanturn</strong></span> <span class='ocrx_word' id='word_1_468' title='bbox 1639 969 1724 1026; x_wconf 87' lang='lat' dir='ltr'><strong>abest,</strong></span> <span class='ocrx_word' id='word_1_469' title='bbox 1736 976 1766 1016; x_wconf 93' lang='lat' dir='ltr'><strong>ut</strong></span> <span class='ocrx_word' id='word_1_470' title='bbox 1776 966 1825 1016; x_wconf 90' lang='lat' dir='ltr'><strong>tibi</strong></span> 
     </span>
     <span class='ocr_line' id='line_1_65' title="bbox 1061 1032 1824 1102; baseline -0.003 -18"><span class='ocrx_word' id='word_1_471' title='bbox 1061 1035 1161 1094; x_wconf 82' lang='lat' dir='ltr'><strong>laverit,</strong></span> <span class='ocrx_word' id='word_1_472' title='bbox 1183 1043 1210 1084; x_wconf 92' lang='lat' dir='ltr'><strong>ut</strong></span> <span class='ocrx_word' id='word_1_473' title='bbox 1229 1035 1324 1100; x_wconf 88' lang='lat' dir='ltr'><strong>potins,</strong></span> <span class='ocrx_word' id='word_1_474' title='bbox 1346 1049 1470 1102; x_wconf 86' lang='lat' dir='ltr'><strong>tanquam</strong></span> <span class='ocrx_word' id='word_1_475' title='bbox 1487 1036 1585 1084; x_wconf 89' lang='lat' dir='ltr'><strong>Boreas</strong></span> <span class='ocrx_word' id='word_1_476' title='bbox 1607 1033 1634 1082; x_wconf 94' lang='lat' dir='ltr'><strong>in</strong></span> <span class='ocrx_word' id='word_1_477' title='bbox 1655 1032 1702 1082; x_wconf 90' lang='lat' dir='ltr'><strong>illa</strong></span> <span class='ocrx_word' id='word_1_478' title='bbox 1725 1033 1824 1087; x_wconf 87' lang='lat' dir='ltr'><strong>sabula.</strong></span> 
     </span>
     <span class='ocr_line' id='line_1_66' title="bbox 1060 1098 1824 1217; baseline -0.008 -67"><span class='ocrx_word' id='word_1_479' title='bbox 1060 1117 1164 1217; x_wconf 50' lang='lat' dir='ltr'><strong>pponam</strong></span> <span class='ocrx_word' id='word_1_480' title='bbox 1176 1101 1222 1150; x_wconf 86' lang='lat' dir='ltr'><strong>iras</strong></span> <span class='ocrx_word' id='word_1_481' title='bbox 1236 1117 1289 1152; x_wconf 78' lang='lat' dir='ltr'><strong>suae</strong></span> <span class='ocrx_word' id='word_1_482' title='bbox 1303 1103 1355 1152; x_wconf 83' lang='lat' dir='ltr'><strong>vim</strong></span> <span class='ocrx_word' id='word_1_483' title='bbox 1369 1111 1395 1152; x_wconf 93' lang='lat' dir='ltr'><strong>et</strong></span> <span class='ocrx_word' id='word_1_484' title='bbox 1408 1101 1558 1152; x_wconf 85' lang='lat' dir='ltr'><strong>violentiam</strong></span> <span class='ocrx_word' id='word_1_485' title='bbox 1573 1099 1599 1149; x_wconf 90' lang='lat' dir='ltr'><strong>in</strong></span> <span class='ocrx_word' id='word_1_486' title='bbox 1614 1111 1639 1150; x_wconf 91' lang='lat' dir='ltr'><strong>te</strong></span> <span class='ocrx_word' id='word_1_487' title='bbox 1660 1098 1792 1148; x_wconf 80' lang='lat' dir='ltr'><strong>effuderit.</strong></span> <span class='ocrx_word' id='word_1_488' title='bbox 1811 1118 1824 1142; x_wconf 74' lang='grc' dir='ltr'><strong>ο</strong></span> 
     </span>
    </p>
   </div>
   <div class='ocr_carea' id='block_1_12' title="bbox 1062 1292 1828 1822">
    <p class='ocr_par' dir='ltr' id='par_1_12' title="bbox 1062 1292 1828 1822">
     <span class='ocr_line' id='line_1_67' title="bbox 1094 1292 1828 1362; baseline -0.005 -16"><span class='ocrx_word' id='word_1_489' title='bbox 1094 1298 1138 1346; x_wconf 90' lang='lat' dir='ltr'><strong>Vi.</strong></span> <span class='ocrx_word' id='word_1_490' title='bbox 1152 1297 1247 1348; x_wconf 89' lang='lat' dir='ltr'><strong>Athen.</strong></span> <span class='ocrx_word' id='word_1_491' title='bbox 1265 1299 1297 1348; x_wconf 87' lang='lat' dir='ltr'><strong>V.</strong></span> <span class='ocrx_word' id='word_1_492' title='bbox 1314 1307 1378 1348; x_wconf 86' lang='lat' dir='ltr'><strong>sect.</strong></span> <span class='ocrx_word' id='word_1_493' title='bbox 1393 1301 1433 1358; x_wconf 83' lang='lat' dir='ltr'><strong>ut,</strong></span> <span class='ocrx_word' id='word_1_494' title='bbox 1450 1314 1474 1362; x_wconf 91' lang='lat' dir='ltr'><strong>p.</strong></span> <span class='ocrx_word' id='word_1_495' title='bbox 1497 1299 1562 1346; x_wconf 78' lang='lat' dir='ltr'><strong>als:</strong></span> <span class='ocrx_word' id='word_1_496' title='bbox 1580 1317 1592 1342; x_wconf 76' lang='lat' dir='ltr'><strong>a</strong></span> <span class='ocrx_word' id='word_1_497' title='bbox 1608 1296 1727 1343; x_wconf 83' lang='lat' dir='ltr'><strong>Vocatur</strong></span> <span class='ocrx_word' id='word_1_498' title='bbox 1745 1292 1828 1358; x_wconf 78' lang='lat' dir='ltr'><strong>igitur</strong></span> 
     </span>
     <span class='ocr_line' id='line_1_68' title="bbox 1063 1358 1828 1427; baseline -0.007 -15"><span class='ocrx_word' id='word_1_499' title='bbox 1063 1363 1146 1413; x_wconf 90' lang='lat' dir='ltr'><strong>bonus</strong></span> <span class='ocrx_word' id='word_1_500' title='bbox 1160 1363 1205 1413; x_wconf 90' lang='lat' dir='ltr'><strong>ille</strong></span> <span class='ocrx_word' id='word_1_501' title='bbox 1220 1365 1350 1425; x_wconf 88' lang='lat' dir='ltr'><strong>Socrates,</strong></span> <span class='ocrx_word' id='word_1_502' title='bbox 1361 1363 1458 1414; x_wconf 87' lang='lat' dir='ltr'><strong>amoris</strong></span> <span class='ocrx_word' id='word_1_503' title='bbox 1469 1363 1623 1427; x_wconf 83' lang='lat' dir='ltr'><strong>magistram</strong></span> <span class='ocrx_word' id='word_1_504' title='bbox 1637 1360 1739 1409; x_wconf 88' lang='lat' dir='ltr'><strong>habens</strong></span> <span class='ocrx_word' id='word_1_505' title='bbox 1751 1358 1828 1408; x_wconf 86' lang='lat' dir='ltr'><strong>Mile-</strong></span> 
     </span>
     <span class='ocr_line' id='line_1_69' title="bbox 1062 1425 1827 1494; baseline -0.005 -17"><span class='ocrx_word' id='word_1_506' title='bbox 1062 1428 1137 1487; x_wconf 87' lang='lat' dir='ltr'><strong>siam,</strong></span> <span class='ocrx_word' id='word_1_507' title='bbox 1149 1430 1193 1478; x_wconf 91' lang='lat' dir='ltr'><strong>sed</strong></span> <span class='ocrx_word' id='word_1_508' title='bbox 1209 1445 1258 1479; x_wconf 92' lang='lat' dir='ltr'><strong>non</strong></span> <span class='ocrx_word' id='word_1_509' title='bbox 1270 1430 1325 1494; x_wconf 90' lang='lat' dir='ltr'><strong>ipse</strong></span> <span class='ocrx_word' id='word_1_510' title='bbox 1338 1437 1466 1494; x_wconf 85' lang='lat' dir='ltr'><strong>captatur,</strong></span> <span class='ocrx_word' id='word_1_511' title='bbox 1479 1437 1507 1477; x_wconf 94' lang='lat' dir='ltr'><strong>nt</strong></span> <span class='ocrx_word' id='word_1_512' title='bbox 1522 1428 1586 1477; x_wconf 85' lang='lat' dir='ltr'><strong>dixit</strong></span> <span class='ocrx_word' id='word_1_513' title='bbox 1599 1425 1686 1484; x_wconf 89' lang='lat' dir='ltr'><strong>Plato,</strong></span> <span class='ocrx_word' id='word_1_514' title='bbox 1699 1427 1827 1488; x_wconf 82' lang='lat' dir='ltr'><strong>illaquea-</strong></span> 
     </span>
     <span class='ocr_line' id='line_1_70' title="bbox 1063 1490 1826 1559; baseline -0.004 -16"><span class='ocrx_word' id='word_1_515' title='bbox 1063 1503 1103 1543; x_wconf 90' lang='lat' dir='ltr'><strong>tus</strong></span> <span class='ocrx_word' id='word_1_516' title='bbox 1112 1497 1144 1544; x_wconf 90' lang='lat' dir='ltr'><strong>ab</strong></span> <span class='ocrx_word' id='word_1_517' title='bbox 1154 1494 1290 1545; x_wconf 87' lang='lat' dir='ltr'><strong>Alcibiade</strong></span> <span class='ocrx_word' id='word_1_518' title='bbox 1303 1509 1309 1556; x_wconf 88' lang='lat'><strong>;</strong></span> <span class='ocrx_word' id='word_1_519' title='bbox 1322 1511 1404 1559; x_wconf 88' lang='lat' dir='ltr'><strong>neque</strong></span> <span class='ocrx_word' id='word_1_520' title='bbox 1422 1510 1484 1545; x_wconf 90' lang='lat' dir='ltr'><strong>sane</strong></span> <span class='ocrx_word' id='word_1_521' title='bbox 1496 1494 1557 1544; x_wconf 87' lang='lat' dir='ltr'><strong>dere</strong></span> <span class='ocrx_word' id='word_1_522' title='bbox 1570 1490 1675 1548; x_wconf 86' lang='lat' dir='ltr'><strong>desinit,</strong></span> <span class='ocrx_word' id='word_1_523' title='bbox 1687 1503 1716 1540; x_wconf 88' lang='grc' dir='ltr'><strong>ιιι</strong></span> <span class='ocrx_word' id='word_1_524' title='bbox 1729 1491 1826 1555; x_wconf 83' lang='lat' dir='ltr'><strong>opinor·</strong></span> 
     </span>
     <span class='ocr_line' id='line_1_71' title="bbox 1062 1556 1826 1624; baseline -0.005 -14"><span class='ocrx_word' id='word_1_525' title='bbox 1062 1561 1171 1610; x_wconf 84' lang='lat' dir='ltr'><strong>adversa</strong></span> <span class='ocrx_word' id='word_1_526' title='bbox 1188 1561 1291 1610; x_wconf 88' lang='lat' dir='ltr'><strong>iortuna</strong></span> <span class='ocrx_word' id='word_1_527' title='bbox 1299 1569 1384 1619; x_wconf 89' lang='lat' dir='ltr'><strong>utens,</strong></span> <span class='ocrx_word' id='word_1_528' title='bbox 1399 1567 1492 1624; x_wconf 85' lang='lat' dir='ltr'><strong>nempe</strong></span> <span class='ocrx_word' id='word_1_529' title='bbox 1507 1575 1585 1624; x_wconf 87' lang='lat' dir='ltr'><strong>quum</strong></span> <span class='ocrx_word' id='word_1_530' title='bbox 1600 1556 1718 1616; x_wconf 85' lang='lat' dir='ltr'><strong>vidisset,</strong></span> <span class='ocrx_word' id='word_1_531' title='bbox 1734 1573 1786 1621; x_wconf 93' lang='lat' dir='ltr'><strong>quo</strong></span> <span class='ocrx_word' id='word_1_532' title='bbox 1800 1559 1826 1606; x_wconf 91' lang='lat' dir='ltr'><strong>in</strong></span> 
     </span>
     <span class='ocr_line' id='line_1_72' title="bbox 1063 1625 1825 1691; baseline -0.001 -18"><span class='ocrx_word' id='word_1_533' title='bbox 1063 1632 1132 1675; x_wconf 87' lang='lat' dir='ltr'><strong>statu</strong></span> <span class='ocrx_word' id='word_1_534' title='bbox 1140 1636 1217 1685; x_wconf 84' lang='lat' dir='ltr'><strong>esset,</strong></span> <span class='ocrx_word' id='word_1_535' title='bbox 1230 1627 1342 1691; x_wconf 86' lang='lat' dir='ltr'><strong>Aspasia</strong></span> <span class='ocrx_word' id='word_1_536' title='bbox 1354 1626 1417 1676; x_wconf 88' lang='lat' dir='ltr'><strong>dixit</strong></span> <span class='ocrx_word' id='word_1_537' title='bbox 1430 1641 1436 1674; x_wconf 92' lang='lat'>:</span> <span class='ocrx_word' id='word_1_538' title='bbox 1451 1628 1525 1675; x_wconf 81' lang='grc' dir='ltr'><strong>Τίπτε</strong></span> <span class='ocrx_word' id='word_1_539' title='bbox 1539 1629 1612 1674; x_wconf 76' lang='grc' dir='ltr'><strong>κτλ.»</strong></span> <span class='ocrx_word' id='word_1_540' title='bbox 1624 1625 1707 1673; x_wconf 76' lang='lat' dir='ltr'><strong>-Vs</strong></span> <span class='ocrx_word' id='word_1_541' title='bbox 1721 1628 1743 1672; x_wconf 94' lang='grc'><strong>1.</strong></span> <span class='ocrx_word' id='word_1_542' title='bbox 1753 1625 1825 1687; x_wconf 76' lang='lat' dir='ltr'><strong>vulg.</strong></span> 
     </span>
     <span class='ocr_line' id='line_1_73' title="bbox 1063 1688 1827 1754; baseline 0 -14"><span class='ocrx_word' id='word_1_543' title='bbox 1063 1691 1169 1754; x_wconf 78' lang='grc' dir='ltr'><strong>ὄμμασιν</strong></span> <span class='ocrx_word' id='word_1_544' title='bbox 1195 1693 1309 1752; x_wconf 83' lang='grc' dir='ltr'><strong>ἐλασθείς,</strong></span> <span class='ocrx_word' id='word_1_545' title='bbox 1327 1691 1489 1741; x_wconf 86' lang='lat' dir='ltr'><strong>claudicante</strong></span> <span class='ocrx_word' id='word_1_546' title='bbox 1509 1701 1606 1752; x_wconf 87' lang='lat' dir='ltr'><strong>metro;</strong></span> <span class='ocrx_word' id='word_1_547' title='bbox 1629 1688 1744 1750; x_wconf 77' lang='grc' dir='ltr'><strong>εστι-σείς</strong></span> <span class='ocrx_word' id='word_1_548' title='bbox 1774 1690 1827 1740; x_wconf 86' lang='lat' dir='ltr'><strong>ior·</strong></span> 
     </span>
     <span class='ocr_line' id='line_1_74' title="bbox 1064 1756 1511 1822; baseline 0.004 -17"><span class='ocrx_word' id='word_1_549' title='bbox 1064 1767 1133 1806; x_wconf 84' lang='lat' dir='ltr'><strong>tasse</strong></span> <span class='ocrx_word' id='word_1_550' title='bbox 1146 1758 1197 1822; x_wconf 91' lang='lat' dir='ltr'><strong>leg.</strong></span> <span class='ocrx_word' id='word_1_551' title='bbox 1213 1759 1330 1818; x_wconf 85' lang='grc' dir='ltr'><strong>θλασθείς,</strong></span> <span class='ocrx_word' id='word_1_552' title='bbox 1343 1759 1486 1808; x_wconf 80' lang='lat' dir='ltr'><strong>suttctutns.</strong></span> <span class='ocrx_word' id='word_1_553' title='bbox 1506 1756 1511 1764; x_wconf 89' lang='lat'>&#39;</span> 
     </span>
    </p>
   </div>
   <div class='ocr_carea' id='block_1_13' title="bbox 1061 1887 1827 2276">
    <p class='ocr_par' dir='ltr' id='par_1_13' title="bbox 1061 1887 1827 2276">
     <span class='ocr_line' id='line_1_75' title="bbox 1096 1887 1827 1952; baseline -0.003 -14"><span class='ocrx_word' id='word_1_554' title='bbox 1096 1889 1152 1938; x_wconf 90' lang='lat' dir='ltr'><strong>Vll.</strong></span> <span class='ocrx_word' id='word_1_555' title='bbox 1168 1888 1205 1937; x_wconf 80' lang='lat' dir='ltr'><strong>Ex</strong></span> <span class='ocrx_word' id='word_1_556' title='bbox 1216 1889 1310 1938; x_wconf 88' lang='lat' dir='ltr'><strong>Athen.</strong></span> <span class='ocrx_word' id='word_1_557' title='bbox 1330 1890 1398 1949; x_wconf 83' lang='lat' dir='ltr'><strong>Vill,</strong></span> <span class='ocrx_word' id='word_1_558' title='bbox 1425 1897 1489 1938; x_wconf 88' lang='lat' dir='ltr'><strong>sect.</strong></span> <span class='ocrx_word' id='word_1_559' title='bbox 1516 1888 1555 1944; x_wconf 82' lang='lat' dir='ltr'><strong>tt,</strong></span> <span class='ocrx_word' id='word_1_560' title='bbox 1570 1903 1595 1952; x_wconf 95' lang='lat' dir='ltr'><strong>p.</strong></span> <span class='ocrx_word' id='word_1_561' title='bbox 1610 1889 1668 1937; x_wconf 75' lang='grc'><strong>331.</strong></span> <span class='ocrx_word' id='word_1_562' title='bbox 1685 1887 1827 1952; x_wconf 87' lang='lat' dir='ltr'><strong>Repetiere</strong></span> 
     </span>
     <span class='ocr_line' id='line_1_76' title="bbox 1064 1953 1826 2018; baseline -0.003 -16"><span class='ocrx_word' id='word_1_563' title='bbox 1064 1954 1147 2012; x_wconf 92' lang='lat' dir='ltr'><strong>multi,</strong></span> <span class='ocrx_word' id='word_1_564' title='bbox 1163 1954 1277 2004; x_wconf 86' lang='lat' dir='ltr'><strong>Brunok.</strong></span> <span class='ocrx_word' id='word_1_565' title='bbox 1297 1954 1374 2004; x_wconf 82' lang='lat' dir='ltr'><strong>Anat.</strong></span> <span class='ocrx_word' id='word_1_566' title='bbox 1390 1955 1435 2013; x_wconf 93' lang='lat' dir='ltr'><strong>iil,</strong></span> <span class='ocrx_word' id='word_1_567' title='bbox 1455 1970 1480 2018; x_wconf 90' lang='lat' dir='ltr'><strong>p.</strong></span> <span class='ocrx_word' id='word_1_568' title='bbox 1499 1953 1556 2010; x_wconf 82' lang='grc'>234,</span> <span class='ocrx_word' id='word_1_569' title='bbox 1571 1969 1597 2002; x_wconf 91' lang='lat' dir='ltr'><strong>n.</strong></span> <span class='ocrx_word' id='word_1_570' title='bbox 1614 1954 1747 2004; x_wconf 88' lang='lat' dir='ltr'>CCCXCV</span> <span class='ocrx_word' id='word_1_571' title='bbox 1763 1955 1826 2018; x_wconf 86' lang='lat' dir='ltr'><strong>(vid.</strong></span> 
     </span>
     <span class='ocr_line' id='line_1_77' title="bbox 1063 2019 1825 2084; baseline -0.005 -15"><span class='ocrx_word' id='word_1_572' title='bbox 1063 2021 1167 2069; x_wconf 86' lang='lat' dir='ltr'><strong>Jacobs.</strong></span> <span class='ocrx_word' id='word_1_573' title='bbox 1183 2021 1320 2070; x_wconf 73' lang='lat' dir='ltr'><strong>Animata.</strong></span> <span class='ocrx_word' id='word_1_574' title='bbox 1345 2021 1376 2069; x_wconf 87' lang='lat' dir='ltr'><strong>T.</strong></span> <span class='ocrx_word' id='word_1_575' title='bbox 1392 2021 1435 2070; x_wconf 94' lang='lat' dir='ltr'><strong>lii.</strong></span> <span class='ocrx_word' id='word_1_576' title='bbox 1451 2019 1482 2068; x_wconf 91' lang='lat' dir='ltr'><strong>P.</strong></span> <span class='ocrx_word' id='word_1_577' title='bbox 1503 2034 1531 2076; x_wconf 89' lang='lat' dir='ltr'><strong>n,</strong></span> <span class='ocrx_word' id='word_1_578' title='bbox 1548 2033 1572 2082; x_wconf 93' lang='lat' dir='ltr'><strong>p.</strong></span> <span class='ocrx_word' id='word_1_579' title='bbox 1587 2021 1641 2084; x_wconf 82' lang='grc'>94),</span> <span class='ocrx_word' id='word_1_580' title='bbox 1654 2019 1761 2069; x_wconf 86' lang='lat' dir='ltr'><strong>Jacobs.</strong></span> <span class='ocrx_word' id='word_1_581' title='bbox 1775 2021 1825 2083; x_wconf 83' lang='lat' dir='ltr'><strong>Ap.</strong></span> 
     </span>
     <span class='ocr_line' id='line_1_78' title="bbox 1061 2085 1826 2150; baseline -0.003 -16"><span class='ocrx_word' id='word_1_582' title='bbox 1061 2085 1140 2150; x_wconf 79' lang='lat' dir='ltr'><strong>pand.</strong></span> <span class='ocrx_word' id='word_1_583' title='bbox 1155 2086 1210 2144; x_wconf 84' lang='grc'><strong>118,</strong></span> <span class='ocrx_word' id='word_1_584' title='bbox 1226 2085 1269 2150; x_wconf 83' lang='lat' dir='ltr'><strong>qui</strong></span> <span class='ocrx_word' id='word_1_585' title='bbox 1285 2086 1315 2135; x_wconf 92' lang='lat' dir='ltr'><strong>de</strong></span> <span class='ocrx_word' id='word_1_586' title='bbox 1325 2085 1408 2135; x_wconf 82' lang='lat' dir='ltr'><strong>Grotii</strong></span> <span class='ocrx_word' id='word_1_587' title='bbox 1422 2085 1540 2134; x_wconf 81' lang='lat' dir='ltr'><strong>versione</strong></span> <span class='ocrx_word' id='word_1_588' title='bbox 1555 2100 1562 2132; x_wconf 77' lang='grc' dir='ltr'><strong>ι</strong></span> <span class='ocrx_word' id='word_1_589' title='bbox 1576 2085 1691 2143; x_wconf 83' lang='lat' dir='ltr'><strong>Grotius,</strong></span> <span class='ocrx_word' id='word_1_590' title='bbox 1707 2085 1753 2143; x_wconf 90' lang='lat' dir='ltr'><strong>ait,</strong></span> <span class='ocrx_word' id='word_1_591' title='bbox 1771 2085 1826 2133; x_wconf 85' lang='lat' dir='ltr'><strong>vul·</strong></span> 
     </span>
     <span class='ocr_line' id='line_1_79' title="bbox 1064 2149 1825 2216; baseline 0 -16"><span class='ocrx_word' id='word_1_592' title='bbox 1064 2160 1152 2214; x_wconf 85' lang='lat' dir='ltr'><strong>gataur</strong></span> <span class='ocrx_word' id='word_1_593' title='bbox 1165 2152 1238 2215; x_wconf 89' lang='lat' dir='ltr'><strong>sequi</strong></span> <span class='ocrx_word' id='word_1_594' title='bbox 1251 2151 1350 2207; x_wconf 83' lang='lat' dir='ltr'><strong>maluit,</strong></span> <span class='ocrx_word' id='word_1_595' title='bbox 1365 2167 1442 2200; x_wconf 84' lang='lat' dir='ltr'><strong>sensu</strong></span> <span class='ocrx_word' id='word_1_596' title='bbox 1458 2149 1582 2211; x_wconf 87' lang='lat' dir='ltr'><strong>admisso,</strong></span> <span class='ocrx_word' id='word_1_597' title='bbox 1603 2165 1679 2216; x_wconf 88' lang='lat' dir='ltr'><strong>quem</strong></span> <span class='ocrx_word' id='word_1_598' title='bbox 1696 2159 1725 2200; x_wconf 90' lang='lat' dir='ltr'><strong>ut</strong></span> <span class='ocrx_word' id='word_1_599' title='bbox 1736 2165 1825 2214; x_wconf 84' lang='lat' dir='ltr'><strong>graeca</strong></span> 
     </span>
     <span class='ocr_line' id='line_1_80' title="bbox 1065 2217 1361 2276; baseline 0.007 -12"><span class='ocrx_word' id='word_1_600' title='bbox 1065 2218 1143 2266; x_wconf 85' lang='lat' dir='ltr'><strong>verba</strong></span> <span class='ocrx_word' id='word_1_601' title='bbox 1154 2217 1247 2276; x_wconf 89' lang='lat' dir='ltr'><strong>lerant,</strong></span> <span class='ocrx_word' id='word_1_602' title='bbox 1262 2233 1361 2268; x_wconf 79' lang='lat' dir='ltr'><strong>vereor.</strong></span> 
     </span>
    </p>
   </div>
   <div class='ocr_carea' id='block_1_14' title="bbox 1065 2345 1826 2479">
    <p class='ocr_par' dir='ltr' id='par_1_14' title="bbox 1065 2345 1826 2479">
     <span class='ocr_line' id='line_1_81' title="bbox 1097 2345 1825 2411; baseline -0.003 -15"><span class='ocrx_word' id='word_1_603' title='bbox 1097 2348 1165 2397; x_wconf 92' lang='lat' dir='ltr'><strong>Vlll.</strong></span> <span class='ocrx_word' id='word_1_604' title='bbox 1181 2347 1304 2397; x_wconf 80' lang='lat' dir='ltr'><strong>Exhibuit</strong></span> <span class='ocrx_word' id='word_1_605' title='bbox 1318 2347 1472 2397; x_wconf 85' lang='lat' dir='ltr'><strong>Plutarchus</strong></span> <span class='ocrx_word' id='word_1_606' title='bbox 1482 2347 1529 2411; x_wconf 90' lang='lat' dir='ltr'><strong>(De</strong></span> <span class='ocrx_word' id='word_1_607' title='bbox 1543 2346 1651 2396; x_wconf 83' lang='lat' dir='ltr'><strong>vitando</strong></span> <span class='ocrx_word' id='word_1_608' title='bbox 1666 2362 1716 2396; x_wconf 75' lang='lat' dir='ltr'><strong>ere</strong></span> <span class='ocrx_word' id='word_1_609' title='bbox 1729 2345 1825 2404; x_wconf 71' lang='lat' dir='ltr'><strong>attento,</strong></span> 
     </span>
     <span class='ocr_line' id='line_1_82' title="bbox 1065 2412 1826 2479; baseline -0.005 -17"><span class='ocrx_word' id='word_1_610' title='bbox 1065 2414 1098 2474; x_wconf 90' lang='lat' dir='ltr'><strong>V,</strong></span> <span class='ocrx_word' id='word_1_611' title='bbox 1109 2416 1142 2478; x_wconf 88' lang='grc'><strong>1.)</strong></span> <span class='ocrx_word' id='word_1_612' title='bbox 1152 2414 1219 2462; x_wconf 86' lang='lat' dir='ltr'><strong>hanc</strong></span> <span class='ocrx_word' id='word_1_613' title='bbox 1228 2415 1363 2479; x_wconf 80' lang='grc' dir='ltr'><strong>παρῳδίαν,</strong></span> <span class='ocrx_word' id='word_1_614' title='bbox 1378 2427 1455 2478; x_wconf 90' lang='lat' dir='ltr'><strong>qnam</strong></span> <span class='ocrx_word' id='word_1_615' title='bbox 1462 2412 1571 2476; x_wconf 85' lang='lat' dir='ltr'><strong>exempli</strong></span> <span class='ocrx_word' id='word_1_616' title='bbox 1578 2426 1658 2462; x_wconf 87' lang='lat' dir='ltr'><strong>causa</strong></span> <span class='ocrx_word' id='word_1_617' title='bbox 1668 2412 1826 2476; x_wconf 88' lang='lat' dir='ltr'><strong>recepimus.</strong></span> 
     </span>
    </p>
   </div>
   <div class='ocr_carea' id='block_1_15' title="bbox 1064 2542 1827 2806">
    <p class='ocr_par' dir='ltr' id='par_1_15' title="bbox 1064 2542 1827 2806">
     <span class='ocr_line' id='line_1_83' title="bbox 1098 2542 1827 2609; baseline -0.007 -15"><span class='ocrx_word' id='word_1_618' title='bbox 1098 2545 1142 2596; x_wconf 85' lang='lat' dir='ltr'><strong>lx.</strong></span> <span class='ocrx_word' id='word_1_619' title='bbox 1161 2545 1210 2609; x_wconf 89' lang='lat' dir='ltr'><strong>Ap.</strong></span> <span class='ocrx_word' id='word_1_620' title='bbox 1224 2544 1319 2594; x_wconf 86' lang='lat' dir='ltr'><strong>Athen.</strong></span> <span class='ocrx_word' id='word_1_621' title='bbox 1337 2545 1370 2602; x_wconf 91' lang='lat' dir='ltr'><strong>X,</strong></span> <span class='ocrx_word' id='word_1_622' title='bbox 1386 2546 1432 2592; x_wconf 84' lang='grc'><strong>454</strong></span> <span class='ocrx_word' id='word_1_623' title='bbox 1444 2545 1631 2604; x_wconf 81' lang='grc' dir='ltr'><strong>ιΝεοπτόλεμος</strong></span> <span class='ocrx_word' id='word_1_624' title='bbox 1640 2542 1662 2592; x_wconf 83' lang='grc' dir='ltr'><strong>δ’</strong></span> <span class='ocrx_word' id='word_1_625' title='bbox 1674 2546 1687 2593; x_wconf 86' lang='grc' dir='ltr'><strong>ό</strong></span> <span class='ocrx_word' id='word_1_626' title='bbox 1701 2543 1827 2608; x_wconf 77' lang='grc' dir='ltr'><strong>Παριανὸς</strong></span> 
     </span>
     <span class='ocr_line' id='line_1_84' title="bbox 1065 2607 1825 2674; baseline -0.004 -16"><span class='ocrx_word' id='word_1_627' title='bbox 1065 2611 1089 2658; x_wconf 76' lang='grc' dir='ltr'><strong>ἐν</strong></span> <span class='ocrx_word' id='word_1_628' title='bbox 1103 2611 1138 2673; x_wconf 81' lang='grc' dir='ltr'><strong>τῷ</strong></span> <span class='ocrx_word' id='word_1_629' title='bbox 1151 2611 1210 2673; x_wconf 84' lang='grc' dir='ltr'><strong>Περὶ</strong></span> <span class='ocrx_word' id='word_1_630' title='bbox 1230 2610 1418 2674; x_wconf 79' lang='grc' dir='ltr'><strong>ἐπιγραμμάτων</strong></span> <span class='ocrx_word' id='word_1_631' title='bbox 1438 2611 1462 2659; x_wconf 77' lang='grc' dir='ltr'><strong>ἐν</strong></span> <span class='ocrx_word' id='word_1_632' title='bbox 1485 2610 1623 2667; x_wconf 79' lang='grc' dir='ltr'><strong>Χαλκηδόνι</strong></span> <span class='ocrx_word' id='word_1_633' title='bbox 1642 2611 1712 2671; x_wconf 78' lang='grc' dir='ltr'><strong>φησὶν</strong></span> <span class='ocrx_word' id='word_1_634' title='bbox 1725 2609 1764 2657; x_wconf 82' lang='grc' dir='ltr'><strong>ἐπὶ</strong></span> <span class='ocrx_word' id='word_1_635' title='bbox 1780 2607 1825 2656; x_wconf 79' lang='grc' dir='ltr'><strong>τοῦ</strong></span> 
     </span>
     <span class='ocr_line' id='line_1_85' title="bbox 1065 2674 1826 2740; baseline -0.004 -16"><span class='ocrx_word' id='word_1_636' title='bbox 1065 2678 1231 2740; x_wconf 81' lang='grc' dir='ltr'><strong>θρασυμαχου</strong></span> <span class='ocrx_word' id='word_1_637' title='bbox 1247 2675 1290 2726; x_wconf 78' lang='grc' dir='ltr'><strong>τοῦ</strong></span> <span class='ocrx_word' id='word_1_638' title='bbox 1307 2674 1426 2731; x_wconf 72' lang='grc' dir='ltr'><strong>σοφιστοῦ</strong></span> <span class='ocrx_word' id='word_1_639' title='bbox 1444 2677 1569 2739; x_wconf 80' lang='grc' dir='ltr'><strong>μνήματος</strong></span> <span class='ocrx_word' id='word_1_640' title='bbox 1582 2675 1756 2740; x_wconf 74' lang='grc' dir='ltr'><strong>ἐπιγεγράφθαι</strong></span> <span class='ocrx_word' id='word_1_641' title='bbox 1770 2675 1826 2722; x_wconf 83' lang='grc' dir='ltr'><strong>τόδε</strong></span> 
     </span>
     <span class='ocr_line' id='line_1_86' title="bbox 1064 2743 1416 2806; baseline 0.006 -16"><span class='ocrx_word' id='word_1_642' title='bbox 1064 2743 1092 2790; x_wconf 91' lang='grc' dir='ltr'><strong>τό</strong></span> <span class='ocrx_word' id='word_1_643' title='bbox 1107 2743 1256 2806; x_wconf 77' lang='grc' dir='ltr'><strong>ἐπίγραμμα·</strong></span> <span class='ocrx_word' id='word_1_644' title='bbox 1269 2743 1416 2803; x_wconf 85' lang='grc' dir='ltr'><strong>Τοῦνομα...</strong></span> 
     </span>
    </p>
   </div>
   <div class='ocr_carea' id='block_1_16' title="bbox 1067 2870 1828 3069">
    <p class='ocr_par' dir='ltr' id='par_1_16' title="bbox 1067 2870 1828 3069">
     <span class='ocr_line' id='line_1_87' title="bbox 1097 2870 1827 2937; baseline -0.005 -15"><span class='ocrx_word' id='word_1_645' title='bbox 1097 2873 1130 2922; x_wconf 91' lang='lat' dir='ltr'><strong>X.</strong></span> <span class='ocrx_word' id='word_1_646' title='bbox 1149 2874 1199 2937; x_wconf 89' lang='lat' dir='ltr'><strong>Ap.</strong></span> <span class='ocrx_word' id='word_1_647' title='bbox 1212 2873 1345 2922; x_wconf 87' lang='lat' dir='ltr'><strong>Plutarch.</strong></span> <span class='ocrx_word' id='word_1_648' title='bbox 1361 2871 1387 2920; x_wconf 90' lang='lat' dir='ltr'><strong>in</strong></span> <span class='ocrx_word' id='word_1_649' title='bbox 1400 2870 1538 2922; x_wconf 77' lang='lat' dir='ltr'><strong>Flaminia.</strong></span> <span class='ocrx_word' id='word_1_650' title='bbox 1550 2871 1594 2929; x_wconf 87' lang='lat' dir='ltr'><strong>lx,</strong></span> <span class='ocrx_word' id='word_1_651' title='bbox 1607 2886 1637 2919; x_wconf 87' lang='lat' dir='ltr'><strong>ex</strong></span> <span class='ocrx_word' id='word_1_652' title='bbox 1649 2885 1700 2936; x_wconf 88' lang='lat' dir='ltr'><strong>quo</strong></span> <span class='ocrx_word' id='word_1_653' title='bbox 1714 2879 1827 2933; x_wconf 84' lang='lat' dir='ltr'><strong>apparet</strong></span> 
     </span>
     <span class='ocr_line' id='line_1_88' title="bbox 1067 2935 1828 3000; baseline -0.007 -12"><span class='ocrx_word' id='word_1_654' title='bbox 1067 2953 1173 2988; x_wconf 89' lang='lat' dir='ltr'><strong>carmen</strong></span> <span class='ocrx_word' id='word_1_655' title='bbox 1199 2940 1232 2987; x_wconf 88' lang='lat' dir='ltr'><strong>ab</strong></span> <span class='ocrx_word' id='word_1_656' title='bbox 1255 2938 1344 2988; x_wconf 77' lang='lat' dir='ltr'><strong>niceo</strong></span> <span class='ocrx_word' id='word_1_657' title='bbox 1363 2937 1513 3000; x_wconf 84' lang='lat' dir='ltr'><strong>(Messenio)</strong></span> <span class='ocrx_word' id='word_1_658' title='bbox 1528 2935 1654 3000; x_wconf 88' lang='lat' dir='ltr'><strong>scriptum</strong></span> <span class='ocrx_word' id='word_1_659' title='bbox 1666 2936 1745 2985; x_wconf 83' lang='lat' dir='ltr'><strong>tuisse</strong></span> <span class='ocrx_word' id='word_1_660' title='bbox 1770 2945 1828 2999; x_wconf 88' lang='lat' dir='ltr'><strong>post</strong></span> 
     </span>
     <span class='ocr_line' id='line_1_89' title="bbox 1067 3000 1825 3069; baseline -0.004 -17"><span class='ocrx_word' id='word_1_661' title='bbox 1067 3019 1180 3069; x_wconf 88' lang='lat' dir='ltr'><strong>pugnam</strong></span> <span class='ocrx_word' id='word_1_662' title='bbox 1209 3005 1277 3068; x_wconf 90' lang='lat' dir='ltr'><strong>apud</strong></span> <span class='ocrx_word' id='word_1_663' title='bbox 1304 3002 1512 3068; x_wconf 77' lang='lat' dir='ltr'><strong>Cynoscephalas</strong></span> <span class='ocrx_word' id='word_1_664' title='bbox 1546 3001 1711 3050; x_wconf 86' lang='lat' dir='ltr'><strong>commissam</strong></span> <span class='ocrx_word' id='word_1_665' title='bbox 1749 3000 1825 3064; x_wconf 88' lang='lat' dir='ltr'><strong>cujus</strong></span> 
     </span>
    </p>
   </div>
   <div class='ocr_carea' id='block_1_17' title="bbox 1065 3067 1932 3144">
    <p class='ocr_par' dir='ltr' id='par_1_17' title="bbox 1065 3067 1932 3144">
     <span class='ocr_line' id='line_1_90' title="bbox 1065 3067 1932 3144; baseline -0.005 -26"><span class='ocrx_word' id='word_1_666' title='bbox 1065 3071 1158 3126; x_wconf 82' lang='lat' dir='ltr'><strong>AEtoli,</strong></span> <span class='ocrx_word' id='word_1_667' title='bbox 1169 3069 1213 3134; x_wconf 90' lang='lat' dir='ltr'><strong>qui</strong></span> <span class='ocrx_word' id='word_1_668' title='bbox 1224 3076 1284 3118; x_wconf 90' lang='lat' dir='ltr'><strong>tunc</strong></span> <span class='ocrx_word' id='word_1_669' title='bbox 1296 3070 1329 3119; x_wconf 93' lang='lat' dir='ltr'><strong>ab</strong></span> <span class='ocrx_word' id='word_1_670' title='bbox 1342 3067 1467 3118; x_wconf 89' lang='lat' dir='ltr'><strong>Romanis</strong></span> <span class='ocrx_word' id='word_1_671' title='bbox 1478 3068 1592 3128; x_wconf 87' lang='lat' dir='ltr'><strong>stabant,</strong></span> <span class='ocrx_word' id='word_1_672' title='bbox 1605 3067 1655 3116; x_wconf 90' lang='lat' dir='ltr'><strong>sibi</strong></span> <span class='ocrx_word' id='word_1_673' title='bbox 1665 3068 1828 3144; x_wconf 75' lang='lat' dir='ltr'><strong>arrogabant</strong></span> <span class='ocrx_word' id='word_1_674' title='bbox 1931 3071 1932 3122; x_wconf 79' lang='lat' dir='ltr'><strong>i</strong></span> 
     </span>
    </p>
   </div>
   <div class='ocr_carea' id='block_1_18' title="bbox 1064 3127 1829 4106">
    <p class='ocr_par' dir='ltr' id='par_1_18' title="bbox 1064 3127 1829 3944">
     <span class='ocr_line' id='line_1_91' title="bbox 1067 3127 1826 3198; baseline -0.004 -14"><span class='ocrx_word' id='word_1_675' title='bbox 1067 3135 1191 3184; x_wconf 88' lang='lat' dir='ltr'><strong>laudem:</strong></span> <span class='ocrx_word' id='word_1_676' title='bbox 1214 3127 1260 3184; x_wconf 77' lang='grc' dir='ltr'><strong>Ὧν</strong></span> <span class='ocrx_word' id='word_1_677' title='bbox 1279 3136 1383 3198; x_wconf 80' lang='grc' dir='ltr'><strong>μάλιστα</strong></span> <span class='ocrx_word' id='word_1_678' title='bbox 1396 3135 1434 3182; x_wconf 82' lang='grc' dir='ltr'><strong>διὰ</strong></span> <span class='ocrx_word' id='word_1_679' title='bbox 1457 3135 1582 3194; x_wconf 82' lang='grc' dir='ltr'><strong>στόματος</strong></span> <span class='ocrx_word' id='word_1_680' title='bbox 1593 3127 1622 3190; x_wconf 75' lang='grc' dir='ltr'><strong>ἦν</strong></span> <span class='ocrx_word' id='word_1_681' title='bbox 1643 3133 1712 3181; x_wconf 85' lang='grc' dir='ltr'><strong>τουτὶ</strong></span> <span class='ocrx_word' id='word_1_682' title='bbox 1731 3147 1760 3180; x_wconf 88' lang='grc' dir='ltr'><strong>το</strong></span> <span class='ocrx_word' id='word_1_683' title='bbox 1775 3132 1826 3181; x_wconf 78' lang='lat' dir='ltr'><strong>tai-</strong></span> 
     </span>
     <span class='ocr_line' id='line_1_92' title="bbox 1065 3197 1822 3264; baseline -0.007 -13"><span class='ocrx_word' id='word_1_684' title='bbox 1065 3217 1176 3264; x_wconf 84' lang='grc' dir='ltr'><strong>γραμμα·</strong></span> <span class='ocrx_word' id='word_1_685' title='bbox 1193 3203 1338 3251; x_wconf 70' lang='grc' dir='ltr'><strong>’Ἄκλαυστοι</strong></span> <span class='ocrx_word' id='word_1_686' title='bbox 1357 3199 1426 3264; x_wconf 83' lang='lat' dir='ltr'><strong>(Vid.</strong></span> <span class='ocrx_word' id='word_1_687' title='bbox 1443 3198 1547 3248; x_wconf 79' lang='grc' dir='ltr'><strong>Αιιίίιοί.</strong></span> <span class='ocrx_word' id='word_1_688' title='bbox 1561 3198 1648 3248; x_wconf 83' lang='grc' dir='ltr'><strong>Ραίαί.</strong></span> <span class='ocrx_word' id='word_1_689' title='bbox 1673 3199 1713 3248; x_wconf 92' lang='lat' dir='ltr'><strong>ed.</strong></span> <span class='ocrx_word' id='word_1_690' title='bbox 1735 3197 1822 3246; x_wconf 87' lang='lat' dir='ltr'><strong>Didot.</strong></span> 
     </span>
     <span class='ocr_line' id='line_1_93' title="bbox 1066 3265 1826 3330; baseline -0.007 -15"><span class='ocrx_word' id='word_1_691' title='bbox 1066 3267 1122 3323; x_wconf 90' lang='lat' dir='ltr'><strong>Vll,</strong></span> <span class='ocrx_word' id='word_1_692' title='bbox 1145 3267 1234 3329; x_wconf 79' lang='grc'><strong>241)...</strong></span> <span class='ocrx_word' id='word_1_693' title='bbox 1255 3265 1329 3316; x_wconf 81' lang='grc' dir='ltr'><strong>’1”οὒτ’</strong></span> <span class='ocrx_word' id='word_1_694' title='bbox 1343 3268 1448 3323; x_wconf 79' lang='grc' dir='ltr'><strong>’ἐποίησε</strong></span> <span class='ocrx_word' id='word_1_695' title='bbox 1474 3265 1516 3328; x_wconf 80' lang='grc' dir='ltr'><strong>μὲν</strong></span> <span class='ocrx_word' id='word_1_696' title='bbox 1552 3265 1667 3322; x_wconf 65' lang='grc' dir='ltr'><strong>Ἀλκαῖος,</strong></span> <span class='ocrx_word' id='word_1_697' title='bbox 1692 3265 1826 3330; x_wconf 75' lang='grc' dir='ltr'><strong>θφυὸρίζωι</strong></span> 
     </span>
     <span class='ocr_line' id='line_1_94' title="bbox 1066 3329 1829 3395; baseline -0.005 -14"><span class='ocrx_word' id='word_1_698' title='bbox 1066 3334 1187 3394; x_wconf 76' lang='grc' dir='ltr'><strong>Φιλίππῳ,</strong></span> <span class='ocrx_word' id='word_1_699' title='bbox 1203 3333 1243 3380; x_wconf 84' lang='grc' dir='ltr'><strong>καί</strong></span> <span class='ocrx_word' id='word_1_700' title='bbox 1261 3333 1303 3380; x_wconf 87' lang='grc' dir='ltr'><strong>τόν</strong></span> <span class='ocrx_word' id='word_1_701' title='bbox 1317 3332 1418 3395; x_wconf 80' lang='grc' dir='ltr'><strong>ἀριθμόν</strong></span> <span class='ocrx_word' id='word_1_702' title='bbox 1434 3331 1482 3380; x_wconf 82' lang='grc' dir='ltr'><strong>τῶν</strong></span> <span class='ocrx_word' id='word_1_703' title='bbox 1498 3329 1670 3380; x_wconf 79' lang='grc' dir='ltr'><strong>ἀποθανόντων</strong></span> <span class='ocrx_word' id='word_1_704' title='bbox 1696 3331 1829 3390; x_wconf 69' lang='grc' dir='ltr'><strong>ἐπιψευσά-</strong></span> 
     </span>
     <span class='ocr_line' id='line_1_95' title="bbox 1067 3393 1827 3461; baseline -0.003 -15"><span class='ocrx_word' id='word_1_705' title='bbox 1067 3415 1147 3460; x_wconf 82' lang='grc' dir='ltr'><strong>μενος.</strong></span> <span class='ocrx_word' id='word_1_706' title='bbox 1162 3398 1299 3459; x_wconf 86' lang='grc' dir='ltr'><strong>Δεγόμενον</strong></span> <span class='ocrx_word' id='word_1_707' title='bbox 1318 3397 1344 3446; x_wconf 79' lang='grc' dir='ltr'><strong>δὲ</strong></span> <span class='ocrx_word' id='word_1_708' title='bbox 1365 3397 1402 3461; x_wconf 90' lang='grc' dir='ltr'><strong>(τὸ</strong></span> <span class='ocrx_word' id='word_1_709' title='bbox 1421 3395 1571 3460; x_wconf 81' lang='grc' dir='ltr'><strong>ἐπίγραμμα)</strong></span> <span class='ocrx_word' id='word_1_710' title='bbox 1582 3393 1704 3459; x_wconf 77' lang='grc' dir='ltr'><strong>πολλαχοῦ</strong></span> <span class='ocrx_word' id='word_1_711' title='bbox 1721 3396 1764 3444; x_wconf 84' lang='grc' dir='ltr'><strong>καὶ</strong></span> <span class='ocrx_word' id='word_1_712' title='bbox 1777 3396 1827 3444; x_wconf 77' lang='grc' dir='ltr'><strong>ὑπὸ</strong></span> 
     </span>
     <span class='ocr_line' id='line_1_96' title="bbox 1064 3458 1828 3552; baseline -0.005 -40"><span class='ocrx_word' id='word_1_713' title='bbox 1064 3465 1169 3542; x_wconf 59' lang='grc' dir='ltr'><strong>πρλλιξιν,</strong></span> <span class='ocrx_word' id='word_1_714' title='bbox 1185 3463 1347 3544; x_wconf 50' lang='grc' dir='ltr'><strong>μιῑλλυριθνία1</strong></span> <span class='ocrx_word' id='word_1_715' title='bbox 1366 3463 1407 3552; x_wconf 62' lang='grc' dir='ltr'><strong>τόν</strong></span> <span class='ocrx_word' id='word_1_716' title='bbox 1420 3463 1492 3540; x_wconf 67' lang='grc' dir='ltr'><strong>Τίτον</strong></span> <span class='ocrx_word' id='word_1_717' title='bbox 1506 3458 1585 3540; x_wconf 34' lang='grc' dir='ltr'><strong>ἦιτὸν</strong></span> <span class='ocrx_word' id='word_1_718' title='bbox 1603 3463 1728 3543; x_wconf 33' lang='grc' dir='ltr'><strong>Φρλιππονι·</strong></span> <span class='ocrx_word' id='word_1_719' title='bbox 1751 3463 1764 3508; x_wconf 87' lang='grc' dir='ltr'><strong>ὁ</strong></span> <span class='ocrx_word' id='word_1_720' title='bbox 1783 3461 1828 3522; x_wconf 79' lang='grc' dir='ltr'><strong>μὲν</strong></span> 
     </span>
     <span class='ocr_line' id='line_1_97' title="bbox 1064 3526 1829 3658; baseline -0.007 -14"><span class='ocrx_word' id='word_1_721' title='bbox 1064 3530 1547 3658; x_wconf 58' lang='grc' dir='ltr'><strong>θίξιῖῐέἑ”ἲ.θῖ’”ἷ”οθῖἴι,θθέἷὲἷολθ</strong></span> <span class='ocrx_word' id='word_1_722' title='bbox 1560 3526 1829 3641; x_wconf 66' lang='lat' dir='ltr'><strong>littttttititt</strong></span> 
     </span>
     <span class='ocr_line' id='line_1_98' title="bbox 1066 3657 1828 3722; baseline -0.007 -14"><span class='ocrx_word' id='word_1_723' title='bbox 1066 3659 1119 3709; x_wconf 93' lang='lat' dir='ltr'><strong>lion</strong></span> <span class='ocrx_word' id='word_1_724' title='bbox 1134 3660 1204 3709; x_wconf 85' lang='lat' dir='ltr'><strong>hoc:</strong></span> <span class='ocrx_word' id='word_1_725' title='bbox 1226 3661 1289 3710; x_wconf 82' lang='grc' dir='ltr'><strong>ὅπου</strong></span> <span class='ocrx_word' id='word_1_726' title='bbox 1310 3660 1390 3708; x_wconf 79' lang='grc' dir='ltr'><strong>Ιστέιιν</strong></span> <span class='ocrx_word' id='word_1_727' title='bbox 1404 3660 1442 3708; x_wconf 84' lang='grc' dir='ltr'><strong>ὄτι</strong></span> <span class='ocrx_word' id='word_1_728' title='bbox 1461 3659 1485 3706; x_wconf 74' lang='grc' dir='ltr'><strong>ἐν</strong></span> <span class='ocrx_word' id='word_1_729' title='bbox 1504 3659 1580 3722; x_wconf 83' lang='grc' dir='ltr'><strong>στίχῳ</strong></span> <span class='ocrx_word' id='word_1_730' title='bbox 1591 3659 1625 3720; x_wconf 82' lang='grc' dir='ltr'><strong>τῷ</strong></span> <span class='ocrx_word' id='word_1_731' title='bbox 1637 3660 1751 3722; x_wconf 72' lang='grc' dir='ltr'><strong>προτέρῳ</strong></span> <span class='ocrx_word' id='word_1_732' title='bbox 1773 3657 1828 3705; x_wconf 80' lang='grc' dir='ltr'><strong>ἀντὶ</strong></span> 
     </span>
     <span class='ocr_line' id='line_1_99' title="bbox 1065 3723 1829 3789; baseline -0.007 -15"><span class='ocrx_word' id='word_1_733' title='bbox 1065 3731 1109 3775; x_wconf 82' lang='grc' dir='ltr'><strong>τοῦ</strong></span> <span class='ocrx_word' id='word_1_734' title='bbox 1124 3725 1303 3788; x_wconf 70' lang='lat' dir='ltr'><strong>deiurasset</strong></span> <span class='ocrx_word' id='word_1_735' title='bbox 1318 3725 1423 3788; x_wconf 79' lang='grc' dir='ltr'><strong>ἄφιλος</strong></span> <span class='ocrx_word' id='word_1_736' title='bbox 1437 3724 1575 3789; x_wconf 73' lang='grc' dir='ltr'><strong>εὑρίσκεται</strong></span> <span class='ocrx_word' id='word_1_737' title='bbox 1582 3724 1606 3771; x_wconf 88' lang='grc' dir='ltr'><strong>ίν</strong></span> <span class='ocrx_word' id='word_1_738' title='bbox 1613 3723 1675 3786; x_wconf 79' lang='grc' dir='ltr'><strong>ἄλλῳ</strong></span> <span class='ocrx_word' id='word_1_739' title='bbox 1685 3740 1732 3770; x_wconf 90' lang='grc' dir='ltr'><strong>τινι</strong></span> <span class='ocrx_word' id='word_1_740' title='bbox 1741 3724 1829 3788; x_wconf 57' lang='lat' dir='ltr'><strong>§adlini</strong></span> 
     </span>
     <span class='ocr_line' id='line_1_100' title="bbox 1065 3788 1726 3856; baseline -0.009 -14"><span class='ocrx_word' id='word_1_741' title='bbox 1065 3791 1187 3855; x_wconf 86' lang='grc' dir='ltr'><strong>ιἰφλιιος</strong></span> <span class='ocrx_word' id='word_1_742' title='bbox 1199 3789 1232 3856; x_wconf 76' lang='lat' dir='ltr'><strong>[il</strong></span> <span class='ocrx_word' id='word_1_743' title='bbox 1244 3791 1286 3841; x_wconf 84' lang='grc' dir='ltr'><strong>καί</strong></span> <span class='ocrx_word' id='word_1_744' title='bbox 1301 3789 1445 3854; x_wconf 81' lang='grc' dir='ltr'><strong>ἄφυλλος.</strong></span> <span class='ocrx_word' id='word_1_745' title='bbox 1464 3810 1478 3837; x_wconf 81' lang='grc' dir='ltr'><strong>ι</strong></span> <span class='ocrx_word' id='word_1_746' title='bbox 1493 3788 1593 3839; x_wconf 91' lang='lat' dir='ltr'><strong>Deinde</strong></span> <span class='ocrx_word' id='word_1_747' title='bbox 1607 3789 1703 3852; x_wconf 88' lang='lat' dir='ltr'><strong>legitur</strong></span> <span class='ocrx_word' id='word_1_748' title='bbox 1719 3804 1726 3837; x_wconf 92' lang='lat'>:</span> 
     </span>
     <span class='ocr_line' id='line_1_101' title="bbox 1543 3881 1747 3944; baseline -0.005 -15"><span class='ocrx_word' id='word_1_749' title='bbox 1543 3881 1600 3944; x_wconf 81' lang='grc' dir='ltr'><strong>τῷδ’</strong></span> <span class='ocrx_word' id='word_1_750' title='bbox 1613 3881 1650 3929; x_wconf 84' lang='grc' dir='ltr'><strong>ἐπὶ</strong></span> <span class='ocrx_word' id='word_1_751' title='bbox 1664 3881 1747 3944; x_wconf 81' lang='grc' dir='ltr'><strong>βουνῷ</strong></span> 
     </span>
    </p>

    <p class='ocr_par' dir='ltr' id='par_1_19' title="bbox 1180 3947 1726 4014">
     <span class='ocr_line' id='line_1_102' title="bbox 1180 3947 1726 4014; baseline -0.009 -16"><span class='ocrx_word' id='word_1_752' title='bbox 1180 3949 1286 4014; x_wconf 78' lang='grc' dir='ltr'><strong>σταυρὸς</strong></span> <span class='ocrx_word' id='word_1_753' title='bbox 1296 3947 1333 3999; x_wconf 81' lang='grc' dir='ltr'><strong>θπ’</strong></span> <span class='ocrx_word' id='word_1_754' title='bbox 1355 3948 1455 4011; x_wconf 83' lang='grc' dir='ltr'><strong>Ἀλκαίῳ</strong></span> <span class='ocrx_word' id='word_1_755' title='bbox 1467 3949 1565 3997; x_wconf 85' lang='grc' dir='ltr'><strong>Ισταται</strong></span> <span class='ocrx_word' id='word_1_756' title='bbox 1577 3947 1726 4010; x_wconf 78' lang='grc' dir='ltr'><strong>αὐτόματος.</strong></span> 
     </span>
    </p>

    <p class='ocr_par' dir='ltr' id='par_1_20' title="bbox 1065 4036 1796 4106">
     <span class='ocr_line' id='line_1_103' title="bbox 1065 4036 1796 4106; baseline -0.005 -18"><span class='ocrx_word' id='word_1_757' title='bbox 1065 4040 1094 4088; x_wconf 89' lang='lat' dir='ltr'><strong>In</strong></span> <span class='ocrx_word' id='word_1_758' title='bbox 1107 4039 1148 4090; x_wconf 91' lang='lat' dir='ltr'><strong>his</strong></span> <span class='ocrx_word' id='word_1_759' title='bbox 1163 4043 1254 4106; x_wconf 80' lang='grc' dir='ltr'><strong>βουνῷ,</strong></span> <span class='ocrx_word' id='word_1_760' title='bbox 1268 4039 1342 4101; x_wconf 84' lang='lat' dir='ltr'><strong>colle,</strong></span> <span class='ocrx_word' id='word_1_761' title='bbox 1357 4039 1468 4090; x_wconf 84' lang='lat' dir='ltr'><strong>tortasse</strong></span> <span class='ocrx_word' id='word_1_762' title='bbox 1483 4037 1613 4088; x_wconf 85' lang='lat' dir='ltr'><strong>sincerum</strong></span> <span class='ocrx_word' id='word_1_763' title='bbox 1633 4046 1680 4088; x_wconf 84' lang='lat' dir='ltr'><strong>est.</strong></span> <span class='ocrx_word' id='word_1_764' title='bbox 1700 4055 1713 4080; x_wconf 81' lang='grc' dir='ltr'><strong>υ</strong></span> <span class='ocrx_word' id='word_1_765' title='bbox 1736 4036 1796 4087; x_wconf 76' lang='lat' dir='ltr'><strong>tac.</strong></span> 
     </span>
    </p>
   </div>
   <div class='ocr_carea' id='block_1_19' title="bbox 1064 4145 1832 4526">
    <p class='ocr_par' dir='ltr' id='par_1_21' title="bbox 1064 4145 1832 4526">
     <span class='ocr_line' id='line_1_104' title="bbox 1097 4145 1822 4214; baseline -0.007 -16"><span class='ocrx_word' id='word_1_766' title='bbox 1097 4149 1142 4198; x_wconf 90' lang='lat' dir='ltr'><strong>x1.</strong></span> <span class='ocrx_word' id='word_1_767' title='bbox 1160 4150 1198 4200; x_wconf 83' lang='lat' dir='ltr'><strong>Ex</strong></span> <span class='ocrx_word' id='word_1_768' title='bbox 1212 4147 1486 4214; x_wconf 77' lang='lat' dir='ltr'><strong>anonymlArtssoteta</strong></span> <span class='ocrx_word' id='word_1_769' title='bbox 1496 4148 1550 4198; x_wconf 83' lang='lat' dir='ltr'><strong>uita</strong></span> <span class='ocrx_word' id='word_1_770' title='bbox 1563 4161 1649 4212; x_wconf 88' lang='lat' dir='ltr'><strong>quam,</strong></span> <span class='ocrx_word' id='word_1_771' title='bbox 1666 4153 1726 4210; x_wconf 88' lang='lat' dir='ltr'><strong>post</strong></span> <span class='ocrx_word' id='word_1_772' title='bbox 1739 4145 1822 4194; x_wconf 77' lang='lat' dir='ltr'><strong>Mena</strong></span> 
     </span>
     <span class='ocr_line' id='line_1_105' title="bbox 1066 4211 1832 4277; baseline -0.004 -15"><span class='ocrx_word' id='word_1_773' title='bbox 1066 4212 1136 4277; x_wconf 87' lang='lat' dir='ltr'><strong>glum</strong></span> <span class='ocrx_word' id='word_1_774' title='bbox 1155 4223 1282 4277; x_wconf 86' lang='lat' dir='ltr'><strong>nostrum,</strong></span> <span class='ocrx_word' id='word_1_775' title='bbox 1298 4213 1379 4266; x_wconf 89' lang='lat' dir='ltr'><strong>edidit</strong></span> <span class='ocrx_word' id='word_1_776' title='bbox 1395 4213 1513 4264; x_wconf 89' lang='lat' dir='ltr'><strong>Buhlius.</strong></span> <span class='ocrx_word' id='word_1_777' title='bbox 1530 4239 1562 4250; x_wconf 92' lang='lat'><em>-</em></span> <span class='ocrx_word' id='word_1_778' title='bbox 1581 4213 1627 4261; x_wconf 93' lang='lat' dir='ltr'><strong>Vs.</strong></span> <span class='ocrx_word' id='word_1_779' title='bbox 1648 4215 1672 4261; x_wconf 89' lang='grc'><strong>1.</strong></span> <span class='ocrx_word' id='word_1_780' title='bbox 1693 4211 1832 4276; x_wconf 80' lang='lat' dir='ltr'><strong>Stagirites</strong></span> 
     </span>
     <span class='ocr_line' id='line_1_106' title="bbox 1065 4277 1831 4346; baseline -0.004 -19"><span class='ocrx_word' id='word_1_781' title='bbox 1065 4281 1217 4343; x_wconf 81' lang='grc' dir='ltr'><strong>τραυλότητα</strong></span> <span class='ocrx_word' id='word_1_782' title='bbox 1236 4281 1324 4346; x_wconf 87' lang='lat' dir='ltr'><strong>plnres</strong></span> <span class='ocrx_word' id='word_1_783' title='bbox 1336 4285 1613 4338; x_wconf 82' lang='lat' dir='ltr'><strong>commemoraverunt,</strong></span> <span class='ocrx_word' id='word_1_784' title='bbox 1630 4291 1695 4342; x_wconf 85' lang='lat' dir='ltr'><strong>quos</strong></span> <span class='ocrx_word' id='word_1_785' title='bbox 1710 4277 1831 4340; x_wconf 85' lang='lat' dir='ltr'><strong>reperias</strong></span> 
     </span>
     <span class='ocr_line' id='line_1_107' title="bbox 1065 4343 1829 4410; baseline -0.005 -16"><span class='ocrx_word' id='word_1_786' title='bbox 1065 4359 1108 4410; x_wconf 92' lang='lat' dir='ltr'><strong>ap.</strong></span> <span class='ocrx_word' id='word_1_787' title='bbox 1118 4345 1262 4410; x_wconf 89' lang='lat' dir='ltr'><strong>Diogenem</strong></span> <span class='ocrx_word' id='word_1_788' title='bbox 1276 4345 1416 4404; x_wconf 87' lang='lat' dir='ltr'><strong>Laertium,</strong></span> <span class='ocrx_word' id='word_1_789' title='bbox 1433 4345 1473 4395; x_wconf 84' lang='lat' dir='ltr'><strong>ed.</strong></span> <span class='ocrx_word' id='word_1_790' title='bbox 1487 4346 1591 4408; x_wconf 87' lang='lat' dir='ltr'><strong>Menag.</strong></span> <span class='ocrx_word' id='word_1_791' title='bbox 1600 4359 1626 4408; x_wconf 95' lang='lat' dir='ltr'><strong>p.</strong></span> <span class='ocrx_word' id='word_1_792' title='bbox 1637 4343 1693 4392; x_wconf 85' lang='grc'><strong>186.</strong></span> <span class='ocrx_word' id='word_1_793' title='bbox 1702 4343 1790 4390; x_wconf 90' lang='lat' dir='ltr'><strong>-Vs.</strong></span> <span class='ocrx_word' id='word_1_794' title='bbox 1805 4343 1829 4390; x_wconf 85' lang='grc'><strong>2.</strong></span> 
     </span>
     <span class='ocr_line' id='line_1_108' title="bbox 1064 4409 1829 4526; baseline -0.005 -66"><span class='ocrx_word' id='word_1_795' title='bbox 1064 4411 1159 4526; x_wconf 57' lang='lat' dir='ltr'><strong>lappe.</strong></span> <span class='ocrx_word' id='word_1_796' title='bbox 1181 4412 1220 4462; x_wconf 89' lang='lat' dir='ltr'><strong>De</strong></span> <span class='ocrx_word' id='word_1_797' title='bbox 1241 4413 1291 4462; x_wconf 92' lang='lat' dir='ltr'><strong>hoc</strong></span> <span class='ocrx_word' id='word_1_798' title='bbox 1309 4411 1459 4461; x_wconf 88' lang='lat' dir='ltr'><strong>Aristotelis</strong></span> <span class='ocrx_word' id='word_1_799' title='bbox 1476 4410 1537 4460; x_wconf 88' lang='lat' dir='ltr'><strong>vitio</strong></span> <span class='ocrx_word' id='word_1_800' title='bbox 1558 4409 1610 4459; x_wconf 82' lang='lat' dir='ltr'><strong>rid.</strong></span> <span class='ocrx_word' id='word_1_801' title='bbox 1629 4409 1727 4458; x_wconf 86' lang='lat' dir='ltr'><strong>Athen.</strong></span> <span class='ocrx_word' id='word_1_802' title='bbox 1755 4409 1829 4466; x_wconf 86' lang='lat' dir='ltr'><strong>Xlll,</strong></span> 
     </span>
    </p>
   </div>
   <div class='ocr_carea' id='block_1_20' title="bbox 1064 4602 1834 4987">
    <p class='ocr_par' dir='ltr' id='par_1_22' title="bbox 1064 4602 1834 4987">
     <span class='ocr_line' id='line_1_109' title="bbox 1099 4602 1832 4672; baseline -0.008 -14"><span class='ocrx_word' id='word_1_803' title='bbox 1099 4607 1215 4660; x_wconf 73' lang='lat' dir='ltr'><strong>xiiiia</strong></span> <span class='ocrx_word' id='word_1_804' title='bbox 1242 4606 1359 4672; x_wconf 86' lang='lat' dir='ltr'><strong>ejusdem</strong></span> <span class='ocrx_word' id='word_1_805' title='bbox 1388 4605 1510 4672; x_wconf 73' lang='lat' dir='ltr'><strong>anonymi</strong></span> <span class='ocrx_word' id='word_1_806' title='bbox 1536 4605 1595 4656; x_wconf 83' lang='lat' dir='ltr'><strong>Vita</strong></span> <span class='ocrx_word' id='word_1_807' title='bbox 1612 4602 1762 4654; x_wconf 67' lang='lat' dir='ltr'><strong>Aristotelis</strong></span> <span class='ocrx_word' id='word_1_808' title='bbox 1787 4604 1832 4654; x_wconf 83' lang='lat' dir='ltr'><strong>ubi</strong></span> 
     </span>
     <span class='ocr_line' id='line_1_110' title="bbox 1066 4669 1832 4740; baseline -0.008 -16"><span class='ocrx_word' id='word_1_809' title='bbox 1066 4672 1147 4740; x_wconf 89' lang='lat' dir='ltr'><strong>priori</strong></span> <span class='ocrx_word' id='word_1_810' title='bbox 1171 4671 1283 4723; x_wconf 88' lang='lat' dir='ltr'><strong>disticho</strong></span> <span class='ocrx_word' id='word_1_811' title='bbox 1307 4672 1430 4724; x_wconf 86' lang='lat' dir='ltr'><strong>continuo</strong></span> <span class='ocrx_word' id='word_1_812' title='bbox 1455 4669 1593 4736; x_wconf 85' lang='lat' dir='ltr'><strong>subjicitur</strong></span> <span class='ocrx_word' id='word_1_813' title='bbox 1619 4671 1669 4720; x_wconf 90' lang='lat' dir='ltr'><strong>hoc</strong></span> <span class='ocrx_word' id='word_1_814' title='bbox 1694 4669 1832 4734; x_wconf 88' lang='lat' dir='ltr'><strong>posterius</strong></span> 
     </span>
     <span class='ocr_line' id='line_1_111' title="bbox 1065 4736 1833 4805; baseline -0.008 -15"><span class='ocrx_word' id='word_1_815' title='bbox 1065 4739 1140 4805; x_wconf 87' lang='lat' dir='ltr'><strong>quasi</strong></span> <span class='ocrx_word' id='word_1_816' title='bbox 1153 4753 1233 4788; x_wconf 86' lang='lat' dir='ltr'><strong>unum</strong></span> <span class='ocrx_word' id='word_1_817' title='bbox 1246 4745 1272 4790; x_wconf 90' lang='lat' dir='ltr'><strong>et</strong></span> <span class='ocrx_word' id='word_1_818' title='bbox 1285 4737 1354 4788; x_wconf 90' lang='lat' dir='ltr'><strong>idem</strong></span> <span class='ocrx_word' id='word_1_819' title='bbox 1367 4753 1472 4788; x_wconf 87' lang='lat' dir='ltr'><strong>carmen</strong></span> <span class='ocrx_word' id='word_1_820' title='bbox 1494 4737 1553 4786; x_wconf 89' lang='lat' dir='ltr'><strong>inde</strong></span> <span class='ocrx_word' id='word_1_821' title='bbox 1572 4737 1756 4786; x_wconf 81' lang='lat' dir='ltr'><strong>conficeretur.</strong></span> <span class='ocrx_word' id='word_1_822' title='bbox 1774 4736 1833 4785; x_wconf 84' lang='lat' dir='ltr'><strong>Hoc</strong></span> 
     </span>
     <span class='ocr_line' id='line_1_112' title="bbox 1065 4799 1834 4878; baseline -0.008 -22"><span class='ocrx_word' id='word_1_823' title='bbox 1065 4813 1152 4856; x_wconf 87' lang='lat' dir='ltr'><strong>autem</strong></span> <span class='ocrx_word' id='word_1_824' title='bbox 1163 4803 1203 4854; x_wconf 92' lang='lat' dir='ltr'><strong>illi</strong></span> <span class='ocrx_word' id='word_1_825' title='bbox 1214 4804 1372 4869; x_wconf 87' lang='lat' dir='ltr'><strong>respondere</strong></span> <span class='ocrx_word' id='word_1_826' title='bbox 1384 4813 1455 4854; x_wconf 86' lang='lat' dir='ltr'><strong>recte</strong></span> <span class='ocrx_word' id='word_1_827' title='bbox 1468 4801 1534 4852; x_wconf 78' lang='lat' dir='ltr'><strong>ritis</strong></span> <span class='ocrx_word' id='word_1_828' title='bbox 1548 4799 1685 4878; x_wconf 82' lang='lat' dir='ltr'><strong>Menagius</strong></span> <span class='ocrx_word' id='word_1_829' title='bbox 1694 4801 1741 4865; x_wconf 86' lang='lat' dir='ltr'><strong>qui</strong></span> <span class='ocrx_word' id='word_1_830' title='bbox 1763 4801 1834 4850; x_wconf 84' lang='lat' dir='ltr'><strong>hanc</strong></span> 
     </span>
     <span class='ocr_line' id='line_1_113' title="bbox 1064 4865 1833 4985; baseline -0.009 -63"><span class='ocrx_word' id='word_1_831' title='bbox 1064 4869 1308 4985; x_wconf 53' lang='lat' dir='ltr'><strong>Aristotelllisbvitam</strong></span> <span class='ocrx_word' id='word_1_832' title='bbox 1318 4869 1417 4936; x_wconf 87' lang='lat' dir='ltr'><strong>primus</strong></span> <span class='ocrx_word' id='word_1_833' title='bbox 1431 4869 1459 4919; x_wconf 92' lang='lat' dir='ltr'><strong>in</strong></span> <span class='ocrx_word' id='word_1_834' title='bbox 1470 4882 1518 4919; x_wconf 89' lang='lat' dir='ltr'><strong>sua</strong></span> <span class='ocrx_word' id='word_1_835' title='bbox 1530 4865 1656 4932; x_wconf 81' lang='lat' dir='ltr'><strong>Diogenis</strong></span> <span class='ocrx_word' id='word_1_836' title='bbox 1667 4866 1759 4916; x_wconf 85' lang='lat' dir='ltr'><strong>Laert.</strong></span> <span class='ocrx_word' id='word_1_837' title='bbox 1777 4867 1833 4916; x_wconf 89' lang='lat' dir='ltr'><strong>edi-</strong></span> 
     </span>
     <span class='ocr_line' id='line_1_114' title="bbox 1065 4934 1271 4987; baseline -0.01 -1"><span class='ocrx_word' id='word_1_838' title='bbox 1065 4937 1134 4987; x_wconf 90' lang='lat' dir='ltr'><strong>tione</strong></span> <span class='ocrx_word' id='word_1_839' title='bbox 1146 4951 1177 4985; x_wconf 88' lang='lat' dir='ltr'><strong>ex</strong></span> <span class='ocrx_word' id='word_1_840' title='bbox 1198 4934 1207 4984; x_wconf 92' lang='lat' dir='ltr'><strong>i</strong></span> <span class='ocrx_word' id='word_1_841' title='bbox 1224 4935 1271 4985; x_wconf 90' lang='lat' dir='ltr'><strong>uit.</strong></span> 
     </span>
    </p>
   </div>
   <div class='ocr_carea' id='block_1_21' title="bbox 1095 5062 1833 5132">
    <p class='ocr_par' dir='ltr' id='par_1_23' title="bbox 1095 5062 1833 5132">
     <span class='ocr_line' id='line_1_115' title="bbox 1095 5062 1833 5132; baseline -0.005 -16"><span class='ocrx_word' id='word_1_842' title='bbox 1095 5067 1165 5117; x_wconf 83' lang='lat' dir='ltr'><strong>xtlt.</strong></span> <span class='ocrx_word' id='word_1_843' title='bbox 1185 5065 1261 5132; x_wconf 88' lang='lat' dir='ltr'><strong>Apud</strong></span> <span class='ocrx_word' id='word_1_844' title='bbox 1282 5065 1359 5132; x_wconf 88' lang='lat' dir='ltr'><strong>Diog.</strong></span> <span class='ocrx_word' id='word_1_845' title='bbox 1375 5067 1463 5117; x_wconf 88' lang='lat' dir='ltr'><strong>Laert.</strong></span> <span class='ocrx_word' id='word_1_846' title='bbox 1477 5065 1522 5122; x_wconf 95' lang='lat' dir='ltr'><strong>Vi,</strong></span> <span class='ocrx_word' id='word_1_847' title='bbox 1540 5079 1564 5125; x_wconf 87' lang='grc' dir='ltr'><strong>ν,</strong></span> <span class='ocrx_word' id='word_1_848' title='bbox 1581 5065 1635 5113; x_wconf 76' lang='lat'><strong>85:</strong></span> <span class='ocrx_word' id='word_1_849' title='bbox 1654 5089 1683 5099; x_wconf 91' lang='lat'>—</span> <span class='ocrx_word' id='word_1_850' title='bbox 1697 5062 1763 5112; x_wconf 85' lang='lat' dir='ltr'><strong>Vss.</strong></span> <span class='ocrx_word' id='word_1_851' title='bbox 1781 5065 1833 5123; x_wconf 84' lang='grc'><strong>1-2,</strong></span> 
     </span>
    </p>
   </div>
   <div class='ocr_carea' id='block_1_22' title="bbox 1064 5125 1836 5328">
    <p class='ocr_par' dir='ltr' id='par_1_24' title="bbox 1064 5125 1836 5328">
     <span class='ocr_line' id='line_1_116' title="bbox 1064 5125 1834 5206; baseline -0.005 -24"><span class='ocrx_word' id='word_1_852' title='bbox 1064 5132 1212 5196; x_wconf 87' lang='lat' dir='ltr'><strong>Stephanus</strong></span> <span class='ocrx_word' id='word_1_853' title='bbox 1221 5132 1247 5182; x_wconf 90' lang='lat' dir='ltr'><strong>in</strong></span> <span class='ocrx_word' id='word_1_854' title='bbox 1256 5131 1334 5182; x_wconf 87' lang='lat' dir='ltr'><strong>Praei.</strong></span> <span class='ocrx_word' id='word_1_855' title='bbox 1341 5131 1367 5182; x_wconf 91' lang='lat' dir='ltr'><strong>in</strong></span> <span class='ocrx_word' id='word_1_856' title='bbox 1377 5137 1559 5206; x_wconf 68' lang='lat' dir='ltr'><strong>poemataque</strong></span> <span class='ocrx_word' id='word_1_857' title='bbox 1566 5127 1688 5194; x_wconf 78' lang='grc' dir='ltr'><strong>παριρδίαι</strong></span> <span class='ocrx_word' id='word_1_858' title='bbox 1694 5125 1834 5189; x_wconf 79' lang='lat' dir='ltr'><strong>dicamur,</strong></span> 
     </span>
     <span class='ocr_line' id='line_1_117' title="bbox 1065 5193 1836 5262; baseline -0.008 -14"><span class='ocrx_word' id='word_1_859' title='bbox 1065 5213 1091 5262; x_wconf 90' lang='lat' dir='ltr'><strong>p.</strong></span> <span class='ocrx_word' id='word_1_860' title='bbox 1104 5199 1146 5256; x_wconf 82' lang='grc'><strong>82,</strong></span> <span class='ocrx_word' id='word_1_861' title='bbox 1159 5213 1188 5248; x_wconf 84' lang='lat' dir='ltr'><strong>ex</strong></span> <span class='ocrx_word' id='word_1_862' title='bbox 1199 5197 1312 5248; x_wconf 85' lang='lat' dir='ltr'><strong>Homero</strong></span> <span class='ocrx_word' id='word_1_863' title='bbox 1324 5197 1415 5248; x_wconf 87' lang='lat' dir='ltr'><strong>ductos</strong></span> <span class='ocrx_word' id='word_1_864' title='bbox 1426 5203 1534 5257; x_wconf 83' lang='lat' dir='ltr'><strong>notavit,</strong></span> <span class='ocrx_word' id='word_1_865' title='bbox 1550 5196 1598 5245; x_wconf 81' lang='lat' dir='ltr'><strong>oa.</strong></span> <span class='ocrx_word' id='word_1_866' title='bbox 1611 5193 1643 5244; x_wconf 78' lang='grc' dir='ltr'><strong>Τ.</strong></span> <span class='ocrx_word' id='word_1_867' title='bbox 1658 5194 1715 5242; x_wconf 82' lang='grc'><strong>172.</strong></span> <span class='ocrx_word' id='word_1_868' title='bbox 1731 5219 1767 5231; x_wconf 90' lang='grc'><strong>-</strong></span> <span class='ocrx_word' id='word_1_869' title='bbox 1780 5193 1836 5243; x_wconf 79' lang='lat' dir='ltr'><strong>hie·</strong></span> 
     </span>
     <span class='ocr_line' id='line_1_118' title="bbox 1065 5261 1834 5328; baseline -0.005 -14"><span class='ocrx_word' id='word_1_870' title='bbox 1065 5263 1142 5314; x_wconf 80' lang='lat' dir='ltr'><strong>minis</strong></span> <span class='ocrx_word' id='word_1_871' title='bbox 1155 5263 1233 5328; x_wconf 89' lang='lat' dir='ltr'><strong>hujus</strong></span> <span class='ocrx_word' id='word_1_872' title='bbox 1242 5262 1335 5314; x_wconf 81' lang='lat' dir='ltr'><strong>ludicri</strong></span> <span class='ocrx_word' id='word_1_873' title='bbox 1345 5261 1491 5314; x_wconf 90' lang='lat' dir='ltr'><strong>Demetrius</strong></span> <span class='ocrx_word' id='word_1_874' title='bbox 1502 5261 1562 5326; x_wconf 80' lang='grc' dir='ltr'><strong>Περὶ</strong></span> <span class='ocrx_word' id='word_1_875' title='bbox 1577 5261 1720 5326; x_wconf 74' lang='grc' dir='ltr'><strong>Ἕρμηνιίας</strong></span> <span class='ocrx_word' id='word_1_876' title='bbox 1730 5273 1752 5311; x_wconf 79' lang='lat' dir='ltr'><strong>c</strong></span> <span class='ocrx_word' id='word_1_877' title='bbox 1772 5261 1834 5322; x_wconf 78' lang='grc'>250;</span> 
     </span>
    </p>
   </div>
   <div class='ocr_carea' id='block_1_23' title="bbox 0 0 1950 6080">
    <p class='ocr_par' dir='ltr' id='par_1_25' title="bbox 0 0 1950 6080">
     <span class='ocr_line' id='line_1_119' title="bbox 0 0 1950 6080; baseline 0 0"><span class='ocrx_word' id='word_1_878' title='bbox 0 0 1950 6080; x_wconf 95' lang='lat' dir='ltr'><strong> </strong></span> 
     </span>
    </p>
   </div>
  </div>
 </body>
</html>
