3818 6012
458 324 584 386 aurbu
605 328 628 386 l.
653 327 941 388 EPIGRAMMATA
963 329 1233 390 DEDICATORIA.

48 449 126 524 ἕίληῖά
138 475 162 510 τε
178 461 313 533 σταχύων,
330 460 377 512 καὶ
392 455 506 536 δένδρεα
523 459 698 538 βοτρυόεντα,

71 543 193 634 ιλειμώνων
208 565 234 600 τε
250 551 341 622 κόμας
356 545 567 625 ἀπαλοτρερέων
584 551 744 627 έρέπουσαι.

73 635 134 709 λ’μμι
144 636 192 710 γὰρ
205 633 322 711 Ηρώδης
336 638 411 714 ἱερὴν
430 639 483 692 ἀνά
496 642 578 714 γαῖαν
591 639 668 713 ἕηκε,

73 724 110 790 rip
125 722 201 792 όσσην
215 726 277 799 περὶ
292 728 382 802 τεῖχος
397 726 526 804 ἐΰτροχον
544 729 737 804 ἐστεφάνωται,

16 815 18 834 ³
74 809 179 886 ἀνδράσιν
191 809 360 888 ὀψιγόνοισιν
376 817 509 886 ἀκινήτην
524 818 571 870 καὶ
586 815 688 871 ἀσυλον
736 867 738 872 ,

48 913 64 960 tn
74 901 179 974 ἔμμεναι.
196 884 216 953 ll
232 897 257 953 δ’
275 903 321 956 ἐπί
335 905 361 957 οί
376 899 405 968 ἐξ
420 901 570 959 ἀθανάτοιο
583 909 705 982 καρήνου

73 985 218 1064 σμερδαλέον
234 993 350 1045 σείσασα
362 990 449 1069 λόφον
464 997 620 1048 κατένευσεν
636 978 744 1065 deque,

73 1081 104 1150 μέ,
117 1096 148 1151 τῳ
161 1080 290 1146 νήποινον
308 1078 400 1154 βῶλον
418 1086 481 1157 μίαν
495 1082 515 1152 ἢ
532 1083 579 1138 ἕνα
593 1082 665 1138 λαίαν

16 1209 18 1230 ,
74 1165 188 1240 issicum,
203 1168 263 1221 ἐπεὶ
278 1171 311 1223 οὗ
326 1171 447 1248 Μοιρέων
461 1173 558 1250 ἀτρῆες
573 1175 701 1248 σίνσίγκαι,

16 1297 17 1328 ,
74 1256 95 1316 ὃς
106 1274 129 1306 κε
141 1252 201 1307 θεῶν
218 1253 339 1312 έδέεσσιν
355 1257 534 1337 ἀλιτροσύνην
552 1259 676 1332 ἀναθείη.

16 1343 17 1400 ᾖ
46 1357 64 1402 ο]
74 1341 141 1396 lii-ite
154 1348 319 1420 περικτίονες
333 1350 379 1401 καὶ
392 1353 509 1425 γείτονες
523 1353 686 1428 ἀγροιῶται·

16 1439 17 1480 ξ
72 1431 126 1506 ἱερός
136 1429 207 1496 οὗτος
221 1437 236 1488 ό
248 1441 353 1514 χῶρος,
371 1441 495 1509 ἀκινητοί
507 1459 535 1494 τε
551 1438 665 1504 θέαιναι,

16 1557 17 1568 r
72 1523 107 1574 nai
118 1519 308 1598 πολυτίμητοι,
323 1529 370 1581 καὶ
384 1529 512 1606 ὑποσχεῖν
528 1525 594 1593 οὖας
608 1530 731 1605 έτοίμαι·

74 1604 128 1680 μηδέ
141 1628 176 1671 τις
187 1609 332 1689 ἡμερίδων
348 1614 458 1691 ὄρχους,
474 1615 494 1683 ἢ
510 1611 536 1678 ἐς
551 1613 637 1670 ἀλσεα
652 1613 780 1694 δένδρων,

72 1695 88 1762 ἢ
99 1699 166 1766 ποίην
178 1697 249 1775 χιλῷ
264 1699 380 1757 stalla·
391 1701 606 1780 χλωραθέουσαν

47 1809 65 1856 05,
74 1782 148 1858 δμυήν
159 1793 276 1844 κυανέου
290 1774 372 1856 Ᾰῖδος
388 1787 478 1869 ρήξειε
496 1792 649 1870 μάκελλαν,

16 1879 17 1964 j
75 1875 133 1948 σῆμα
144 1878 201 1930 νέον
214 1882 335 1956 τεύχων,
351 1883 386 1951 ἠέ
398 1885 528 1959 πρότερον
543 1880 687 1960 κεραΐζων.

16 2007 17 2012 ,
76 1962 103 2016 [li
115 1961 181 2038 θέμις
195 1968 268 2043 ἀμφὶ
281 1971 393 2026 νέαυσσι
407 1968 501 2045 βαλεῖν
517 1970 649 2048 ίρόχθονα
666 1971 768 2048 βῶλον,

74 2049 128 2119 πλὴν
142 2052 210 2108 όκεν
226 2056 348 2132 αἵματος
362 2056 421 2134 ᾗσι,
438 2062 485 2114 καί
500 2061 609 2136 ἔκγονος
625 2062 798 2137 έσσαμένοιο,

16 2167 17 2170 ¹
77 2140 159 2212 (κείνοις
172 2140 197 2197 δ’
212 2147 264 2200 οὐκ
280 2145 441 2222 ἀθέμιστον)
459 2150 517 2203 ἐπεὶ
532 2153 665 2228 τιμάορος
679 2151 771 2228 ἵστωρ.

16 2303 17 2306 γ
48 2228 169 2307 ηλιίγάρ
182 2214 311 2305 Ᾰθηνσιίη
328 2233 412 2314 [ποτ’]
427 2223 586 2316 θριχθόνιον
606 2237 735 2312 βασιλῆα·

76 2321 117 2391 νηῷ
129 2319 301 2394 ἐγκατέθηκε,
319 2328 456 2380 συνέστιον
471 2327 590 2402 ἔμμεναι
611 2329 685 2404 ἱρῶν.

76 2403 166 2484 hietro)
177 2408 286 2466 ἀκλυτα
299 2417 396 2479 ταῦτα,
409 2417 456 2469 καὶ
469 2417 520 2470 οὐκ
535 2417 701 2471 ἐπιπείσεται
717 2419 820 2482 αὐτοῖς,

16 2535 17 2560 ,
78 2493 123 2548 ἀλλ’
136 2498 310 2575 ἀτοτιμήσει,
330 2506 368 2578 μή
386 2505 412 2558 οἱ
424 2507 521 2573 νητιτα
535 2507 663 2580 γένηται·

16 2607 18 2666 γ
76 2581 131 2636 ἀλλὰ
144 2606 184 2660 μιν
199 2589 362 2667 ἀπρόφατος
376 2593 502 2667 Νέμεσις,
519 2595 567 2647 καί
581 2590 685 2670 popio<
697 2593 823 2670 ἀλάστωρ

48 2675 179 2749 griso-nau,
195 2681 331 2756 στυγερὴν
347 2677 377 2734 δὲ
393 2677 552 2750 κυλινδήσει
567 2686 720 2753 κακότητα.

16 2757 18 2818 i
75 2759 129 2814 (litii
140 2765 187 2840 γὰρ
200 2763 318 2843 ἴφθιμον
333 2769 457 2846 Τριόπιω
475 2772 554 2845 μένος
568 2767 700 2826 Αἰολίδαο

76 2848 148 2914 aaa,
163 2853 205 2907 ότι
218 2857 291 2924 νηὸν
306 2858 470 2936 Δημήτερος
486 2853 669 2924 έξαλοίπαξεν.

76 2938 107 3012 Τῷ
117 2940 172 3006 ἤτοι
183 2945 284 3014 ποινὴν
300 2947 348 3000 καί
361 2947 519 3022 έπωνυμέην
535 2945 669 3003 ἀλέασθαι

16 3123 17 3126 γ
75 3030 156 3104 χώρου,
174 3035 210 3108 μή
226 3053 270 3088 τοι
289 3033 391 3105 ἕπηται
406 3035 450 3090 ἔπι
466 3037 606 3114 Τριόπειος
621 3021 726 3115 θρινύς.

315 3545 385 3603 ἳίέθ.
408 3552 469 3602 ΤΟΥ
480 3553 587 3602 ΑΥΤΟΥ.

78 3672 99 3746 β,
109 3675 175 3754 heip'
188 3677 238 3752 ire,
253 3673 418 3756 Θυθριάδες,
431 3679 498 3749 νηόν
513 3681 576 3734 ποτὶ
589 3675 677 3750 τόνδε,
688 3681 824 3754 γυναῖκες,

78 3931 96 3969 et
106 3923 168 3974 letas
178 3933 291 3990 segetes,
309 3933 336 3974 et
348 3926 445 3976 amicta
457 3927 565 3976 arbusta
577 3925 689 3975 racemis

79 4005 204 4070 lustrantes,
218 4008 348 4074 mollique
364 4009 476 4060 virentia
490 4008 610 4074 gramine
625 4017 710 4075 prata.

80 4089 142 4140 l‘obis
153 4093 269 4144 Herodes
283 4095 406 4145 tellurem
421 4094 489 4144 hane
503 4093 553 4144 rite
568 4093 690 4154 sacravit,

80 4185 156 4236 quauta
167 4183 236 4242 patet
251 4179 355 4230 circum
367 4179 435 4229 muri
446 4179 544 4230 vallata
557 4195 664 4240 corona,

79 4273 143 4322 usque
153 4263 189 4312 rel
201 4264 234 4314 ad
250 4279 328 4314 seros
340 4279 466 4315 mansura
480 4263 579 4314 intaeta
590 4273 708 4331 nepotes.

80 4339 112 4390 Sic
123 4358 224 4410 namque
238 4345 381 4397 horrificas
396 4345 483 4397 divino
497 4346 595 4398 vertice
610 4349 704 4399 cristas

80 4427 214 4490 concutiens,
228 4429 289 4480 risa
303 4438 344 4481 est
359 4437 423 4480 nutu
435 4431 585 4482 adsensisse
598 4431 731 4494 Minerva;

80 4521 118 4556 uon
124 4511 219 4573 glebam
232 4515 304 4564 hunc
314 4513 371 4572 ulli,
389 4514 535 4580 lapidemve
544 4517 650 4582 impune
663 4516 828 4576 movendum,

81 4603 115 4639 nec
125 4593 205 4646 Pureae
220 4596 324 4657 faciles,
340 4604 386 4646 aut
400 4597 439 4648 illi
452 4616 562 4666 parcere
574 4607 703 4666 promptae

80 4674 112 4736 qui
122 4677 198 4730 divum
213 4689 322 4732 sanctas
336 4683 474 4734 violaverit
489 4686 585 4751 impius
599 4686 678 4736 aedes.
705 4665 712 4684 ⁴

80 4757 171 4812 duribus
182 4764 294 4830 accipite
310 4768 377 4826 haec,
389 4768 476 4818 uicina
492 4775 518 4818 et
533 4768 632 4819 rustica
644 4770 735 4834 pubes,

79 4840 112 4890 hic
123 4859 189 4896 sacer
200 4856 239 4898 est
252 4849 339 4910 locus,
357 4861 384 4902 et
398 4851 463 4901 divae
479 4868 530 4902 non
543 4853 604 4903 sede
618 4853 752 4903 movendae

80 4928 145 4979 mults
156 4932 204 4982 coli
219 4935 309 5000 dignae
323 4943 403 5002 atque
416 4951 493 4987 aures
508 4936 634 4987 adhibere
647 4943 756 5001 paratae.

81 5011 204 5080 Dispositas
219 5039 251 5074 ne
267 5023 327 5088 quis
340 5021 407 5071 vites
422 5023 580 5086 arbustaque
595 5022 657 5071 laeta

81 5107 100 5142 et
110 5097 154 5151 lale
170 5104 259 5170 irrigui
276 5085 436 5174 viridantem
452 5103 579 5170 graminis
597 5105 707 5155 herbam

82 5181 158 5233 audeat
171 5189 256 5240 orciro
272 5191 376 5242 fodiens
391 5188 543 5240 exscindere
558 5195 654 5250 rastro,

1607 346 1639 404 lt

877 465 1041 534 segetesque
1058 459 1205 533 spicarum,
1223 467 1251 518 et
1266 462 1380 519 arbores
1396 479 1560 535 racemosus,

877 555 1071 620 pratorumque
1085 565 1178 603 comas
1194 549 1383 622 saginatorum
1399 559 1589 623 assequentes.

875 634 962 692 Vobis
975 634 1047 691 enirn
1063 635 1185 692 Herodes
1200 655 1306 694 sacram
1322 646 1424 694 terram
1436 641 1583 713 concessit,

876 730 1006 797 quantam
1018 723 1119 778 circum
1132 741 1226 780 murus
1240 723 1440 782 bene-currens
1456 729 1609 801 coronavit,

876 819 907 868 ut
921 813 987 868 viris
1002 813 1232 885 postea-venturis
1244 813 1421 870 immutabilis
1438 821 1465 870 et
1478 815 1625 889 inspoliata

877 909 959 958 esset.
977 901 1025 956 llla
1039 909 1130 957 autern
1145 900 1170 957 ei
1183 920 1217 957 ex
1233 902 1377 959 immortali
1394 903 1484 976 eapite

876 989 1024 1046 terribilem
1040 989 1150 1062 agitans
1165 990 1275 1046 cristam
1290 991 1386 1047 annuit
1397 992 1531 1060 Minerva,
1574 997 1645 1068 [dem

876 1097 910 1135 ne
925 1079 968 1134 cui
983 1078 1094 1152 impune
1105 1083 1178 1148 scrut
1192 1079 1298 1152 glebam
1318 1097 1398 1136 unam
1419 1082 1462 1138 vel
1482 1100 1565 1138 unum
1576 1085 1646 1159 lapi-

876 1167 1004 1233 movisse,
1012 1167 1329 1241 quippenonParcarum
1341 1169 1456 1243 placidus
1465 1174 1647 1232 necessitates

876 1261 921 1314 illi
935 1257 981 1331 qui
994 1257 1107 1312 deorum
1121 1255 1242 1312 delubris
1258 1258 1457 1315 nefariam-vim
1471 1260 1602 1320 intulerit.

914 1347 1027 1414 Audite,
1047 1345 1155 1412 accolae,
1172 1353 1200 1401 et
1215 1345 1296 1401 vicini
1311 1356 1436 1420 agrestes
1453 1367 1459 1404 :

877 1455 955 1494 sacer
970 1435 1013 1491 hic
1028 1434 1114 1503 loeus,
1131 1434 1370 1509 immutabilesque
1386 1437 1459 1506 Dee,

877 1534 905 1584 et
918 1525 1202 1588 nultum-honorate,
1218 1531 1245 1580 et
1264 1525 1387 1599 prebere
1409 1545 1504 1584 aurem
1519 1535 1644 1604 parata:

876 1631 965 1688 neque
980 1612 1041 1686 quis
1056 1615 1085 1668 iu
1100 1611 1233 1667 cultarum
1250 1616 1349 1669 uilium
1365 1617 1492 1684 ordines,
1505 1626 1552 1675 aul
1567 1619 1595 1674 in
1609 1619 1649 1675 lu·

1435 1707 1494 1778 [cos
1508 1707 1647 1776 arborum,

877 1801 925 1852 aut
945 1795 1063 1852 herbam
1089 1793 1124 1849 ad
1149 1794 1279 1868 pabulum
1300 1795 1554 1869 alimonia-plenum
1576 1795 1647 1851 vire-

876 1883 1031 1940 ministrum
1044 1883 1117 1956 nigri
1131 1882 1195 1938 Orci
1210 1883 1346 1956 impingat
1361 1883 1490 1960 ligonem,
1516 1886 1647 1956 [scaniam

877 1979 1085 2029 monumentum
1097 1989 1197 2027 novum
1208 1972 1322 2040 faciens,
1335 1971 1646 2045 seupriusexscindens.

878 2063 939 2120 Non
959 2063 1006 2136 jus
1034 2066 1073 2118 est
1104 2059 1290 2134 circumjicere
1318 2059 1433 2116 mortuis
1465 2067 1647 2116 sacrae-terrae

1516 2148 1646 2222 [glebam

877 2239 930 2296 nisi
943 2243 989 2298 itti
1000 2240 1046 2314 qui
1056 2239 1198 2314 sanguinis
1211 2239 1256 2308 sit,
1267 2246 1296 2294 el
1307 2238 1439 2294 oriundus
1448 2255 1483 2294 ex
1495 2235 1647 2301 conditore,

878 2326 940 2402 (illis
962 2335 1054 2384 autem
1072 2345 1128 2384 non
1148 2327 1300 2402 injustum),
1326 2325 1429 2400 quippe
1452 2327 1529 2382 adest
1546 2341 1648 2398 prena-

1423 2415 1546 2486 [enactor
1557 2411 1648 2468 testis.

881 2505 988 2563 Etenim
1003 2505 1127 2562 Minerva
1140 2505 1204 2561 olim
1216 2502 1428 2561 Erichthonium
1443 2519 1536 2576 regem
1564 2503 1648 2578 [rum.

880 2595 906 2650 in
922 2594 1023 2668 templo
1036 2593 1175 2668 deposuit,
1185 2592 1408 2648 contubernalem
1422 2590 1543 2647 futurum
1557 2607 1649 2646 sacro·

879 2682 928 2738 Sin
957 2689 1049 2740 autem
1079 2679 1160 2737 alicui
1195 2679 1361 2737 non-audita
1388 2681 1443 2734 sint
1465 2677 1533 2746 ista,
1561 2693 1651 2751 neque

1477 2766 1599 2840 [obediat
1617 2765 1652 2822 iis
1715 2823 1717 2826 .

882 2860 931 2917 sed
943 2861 1117 2924 dehonestet,
1135 2875 1190 2915 non
1204 2857 1242 2913 illi
1255 2857 1366 2930 impune
1380 2857 1429 2914 fiat
1443 2874 1449 2912 :

882 2948 931 3004 sed
949 2965 1011 3005 eum
1028 2945 1353 3020 quam-allarinon-licet
1368 2943 1503 3011 Nemesis,
1519 2951 1547 3000 et
1562 2943 1653 2998 rhom-

855 3065 857 3074 ·
883 3035 1006 3108 punient,
1018 3033 1231 3108 horribilemque
1245 3033 1336 3091 volvet
1346 3031 1492 3088 miseriam.
1508 3031 1571 3104 [bus
1581 3032 1653 3088 ultor

883 3127 944 3182 Non
956 3125 1029 3182 enim
1043 3122 1247 3198 magnanimum
1261 3123 1369 3196 Triopan
1381 3122 1465 3178 robur
1477 3121 1589 3178 AEolidoe

883 3213 997 3290 proluit,
1012 3211 1122 3286 quando
1134 3211 1267 3286 templum
1282 3210 1390 3268 Cereris
1405 3209 1578 3267 vastavisset.

883 3307 948 3362 Ideo
963 3320 1029 3359 sanc
1045 3317 1153 3374 poenam
1166 3307 1194 3356 et
1209 3317 1361 3374 cognomen
1377 3298 1464 3355 vitare
1477 3301 1582 3368 oportet

883 3394 945 3462 loci,
961 3410 995 3448 ne
1009 3398 1036 3447 le
1051 3395 1234 3463 persequatur
1246 3387 1358 3462 Triopia
1372 3387 1481 3461 Erinys.
1571 3420 1575 3430 ·

1148 3543 1210 3596 264.
1228 3547 1373 3590 musaeu.

885 3678 973 3735 b.Huc
984 3675 1090 3742 adeste,
1102 3672 1237 3739 Tibrides,
1251 3671 1285 3727 ad
1297 3671 1349 3727 hoc
1357 3669 1499 3743 templum,
1513 3666 1652 3734 mulieres,

883 3911 937 3961 sive
952 3923 1047 3959 novum
1060 3912 1167 3964 statuat,
1185 3911 1259 3953 vetus
1275 3909 1406 3954 evertatve
1421 3901 1599 3966 sepulchrum.

883 3997 952 4045 Luce
964 3992 1038 4043 nesae
1051 4005 1156 4042 cassum
1170 4003 1247 4038 sacra
1261 3987 1425 4036 circumdare
1439 3993 1519 4044 terra,

883 4079 909 4128 ni
925 4078 1013 4128 trahat
1029 4092 1059 4125 ex
1070 4075 1116 4124 illo
1129 4089 1220 4138 genus,
1237 4071 1362 4136 huncqui
1377 4069 1494 4121 condidit
1507 4067 1606 4130 aedem3

883 4161 929 4211 olli
940 4160 1035 4225 quippe
1048 4159 1119 4209 licet.
1134 4157 1222 4207 Testis
1237 4156 1381 4221 vindexque
1395 4153 1520 4203 Minervae

884 4243 990 4296 numine
1004 4241 1171 4309 praepositus,
1188 4239 1258 4305 nigri
1271 4247 1397 4310 regnator
1411 4236 1518 4296 Averni,

884 4338 911 4380 et
925 4327 1016 4393 templi
1028 4334 1054 4377 et
1066 4325 1166 4391 pariter
1182 4340 1318 4376 sacrorum
1333 4330 1455 4386 acceptus
1468 4322 1576 4370 honore.
1661 4315 1663 4378 j

885 4415 947 4463 Haec
963 4411 985 4462 si
998 4411 1088 4462 audita
1102 4416 1180 4474 neget
1193 4409 1245 4460 sibi
1261 4409 1329 4474 quis,
1346 4421 1430 4471 neque
1446 4404 1513 4454 scire
1526 4404 1639 4463 laboret,

885 4497 992 4562 insuper
1004 4505 1049 4546 aut
1063 4496 1168 4552 habeat,
1182 4509 1235 4542 nen
1250 4491 1393 4558 impunitus
1405 4487 1497 4539 abibit.

886 4582 962 4631 Hune
976 4579 1029 4630 cita
1043 4579 1089 4628 sed
1105 4577 1235 4638 Nemesis,
1254 4584 1332 4640 atque
1346 4572 1503 4637 irrequietus
1516 4571 1625 4622 Alastor

887 4665 1006 4714 tristibus
1021 4664 1152 4726 urgebunt
1167 4661 1214 4712 tali
1230 4675 1278 4726 pro
1292 4657 1401 4708 crimine
1415 4655 1509 4722 poenis.

886 4751 941 4799 Nec
956 4749 1081 4814 Triopam
1095 4746 1236 4811 quondum,
1250 4744 1292 4794 oui
1303 4740 1439 4808 sanguinis
1448 4742 1544 4791 AEolus
1556 4747 1657 4802 auctor,

883 4833 951 4897 juvit
966 4838 1098 4883 sacratum
1114 4829 1203 4879 Cereri
1217 4837 1361 4878 temerasse
1374 4827 1477 4876 novale.

887 4915 1010 4981 Quisquis
1023 4914 1085 4974 eris,
1102 4927 1259 4978 poenamque
1275 4911 1335 4972 loci,
1352 4926 1498 4976 nomenque
1517 4915 1658 4970 memento,

887 5007 915 5048 ul
928 4998 1025 5063 fugias,
1039 5013 1087 5047 nec
1098 5003 1123 5045 te
1139 4995 1254 5059 Triopan
1268 5001 1393 5060 sequatur
1405 4993 1528 5058 Erinnys.

1172 5091 1230 5140 264.
1250 5105 1375 5140 suusnsu.

888 5188 925 5237 Ite
941 5185 1020 5252 agite,
1035 5183 1153 5244 oLatise,
1167 5185 1295 5250 templum
1306 5185 1356 5234 hoc
1372 5184 1514 5240 celebrate,
1527 5180 1630 5246 puellae,
