3858 6018
462 428 587 489 CAPUT
607 430 644 488 ΙΙ.
666 426 949 488 EPIGRAMMATA
971 427 1245 522 SEPUILCRALIA.
1588 430 1645 485 ”2¹15

52 560 71 608 ’θ
111 560 254 668 ἀνθρώπων
269 581 366 632 κακη
382 559 664 638 μηδὲνέπιοτάμενας

76 654 138 725 iper
139 653 208 726 ἐροις
220 649 363 704 πετάλοισι
376 654 521 714 κατάσκιος
534 653 625 706 οὐκέτι
638 636 738 726 Ῥώμη,

114 703 170 814 pafo
183 739 238 814 γὰρ
249 735 368 808 ἐκλάσθη
386 737 525 815 Θρηικίοις
538 741 660 815 ἀνέμοις.

374 889 554 946 733.ιιιο.

17 1059 19 1094 ρ
115 1023 286 1098 deaptare<⁸
260 1022 370 1076 άοίοτου
385 1025 437 1076 τῶν
452 1020 497 1078 θἐο
500 1027 605 1100 ρρήτων
619 1021 710 1096 λόγων

115 1109 142 1177 ἦν
146 1107 273 1184 παροδ
263 1129 316 1172 τα
337 1129 434 1187 pat-eppo
444 1131 494 1180 της
510 1131 622 1186 μνημης
635 1114 726 1186 χάριν·

113 1193 180 1280 blefia
172 1200 255 1273 ιμΙιον
270 1193 360 1264 ἔτευξε
371 1203 453 1254 τοῦτο
466 1202 522 1264 τοῖς
536 1203 638 1262 πόνοις.

113 1269 174 1339 itt*
191 1288 229 1349 εἰς
247 1289 355 1363 ριιίωοιν
368 1285 486 1356 ἦλθε
452 1307 489 1342 τω
477 1281 594 1364 χρόνῳ
608 1291 685 1357 ποτέ,

17 1379 18 1382 ’
113 1375 179 1450 ῆτερ
195 1377 318 1452 ουνυπάρ
305 1394 364 1452 ρχιι
377 1378 433 1439 τοῖς
444 1378 554 1453 χρόνοις
568 1375 654 1452 ὑπηρ
644 1395 706 1440 ετις,

17 1507 18 1518 ,
114 1447 132 1516 O
146 1458 171 1514 δ’
184 1462 338 1537 Εὐνόμιιος
350 1465 470 1527 καινίσας
482 1464 533 1534 τὴν
548 1465 673 1518 σύστασιν

114 1552 145 1612 ὡς
159 1550 245 1626 σοφὸς
257 1551 386 1628 ὑπάρχων
401 1552 492 1658 ἰατρός
505 1552 552 1607 καὶ
562 1548 695 1627 γεννάδας

17 1643 19 1652 ’
113 1639 217 1780 ἤγειρεν
230 1640 299 1694 αὐτό
311 1643 476 1716 προγονικῆς
490 1643 587 1717 φήμης
597 1643 689 1717 χάριν,

17 1743 18 1750 ’
116 1725 356 1804 ιῦτθςπροθυιιως
370 1725 596 1806 κληρονομήσας,
613 1727 754 1792 ὡςπάλαι.

373 1881 441 1937 734.
457 1874 551 1936 ando.

17 2031 19 2082 ι
119 1997 241 2068 Ιὲνταῦθα
253 2015 342 2068 κεῖται
356 2015 371 2067 d
386 2019 576 2090 στρατηγήσας
590 2013 691 2078 καλῶς,

17 2085 19 2108 ⁸
120 2087 218 2253 Ιώμηέ
232 2121 262 2155 τι
275 2097 367 2178 ρυλάξ
368 2121 399 2165 ας
413 2099 523 2172 άθλαθῆ
539 2123 587 2156 και
599 2104 650 2172 τὴν
666 2105 745 2156 Δύοιν

17 2261 18 2272 γ
120 2192 195 2264 :pac
197 2183 361 2254 Ινιαυτοις
372 2210 428 2254 τοις
438 2189 572 2267 γαληνοις
586 2189 729 2253 δεσπόταις

17 2273 18 2288 ³
120 2209 250 2349 Ιθαάκιος,
265 2280 318 2332 τῶν
329 2275 471 2423 percuttere
486 2281 501 2334 d
516 2283 674 2355 σύμμαχος,

71 2371 130 2413 ι
121 2381 194 2434 ἠς
205 2367 316 2435 άπάοης
329 2275 463 2444 ρμινίας
474 2371 578 2443 κόσμος
593 2371 687 2474 μέγας·

115 2449 246 2529 μῖρένιος
258 2451 294 2523 ἠν
307 2457 361 2533 γάρ
376 2451 455 2519 οὗτος
469 2457 499 2510 Ικ
511 2453 641 2532 λαμπρ
610 2475 642 2510 ου
656 2459 760 2530 γένους.

17 2569 18 2572 ¹
120 2543 220 2596 Τούτου
234 2541 363 2608 θανόντος
377 2542 525 2612 ιύκλιῶςή
541 2540 655 2620 οόμθιος

123 2630 249 2684 Σώσαννα
263 2634 338 2708 σιἰιρρ
324 2649 377 2707 ων
390 2651 438 2709 τ
423 2635 519 2708 υγόνος
534 2636 678 2709 σεμιῆςτρ
681 2636 739 2708 όπῳ

123 2721 225 2781 πυκνῶς
240 2715 363 2785 οτινάζει
377 2717 475 2797 ἀνδρὸς
489 2722 670 2797 ἐοτιρημὶνη,

65 2803 216 2883 ιιάνδρθς
229 2804 366 2884 λαχόντος
380 2809 410 2862 br
423 2812 554 2884 καμάτων
567 2804 692 2873 εὐδοξίαν

125 2896 148 2946 ἐν
161 2897 219 2957 ταῖς
231 2893 379 2959 ἀνατολαῖς
389 2894 473 2965 ἡλίου
488 2899 536 2950 καὶ
549 2900 584 2972 τῇ
600 2893 684 2951 δόσει·

126 2986 236 3058 στρατοῦ
251 2985 305 3060 γάρ
319 2979 433 3061 ἦρξε
400 3003 491 3052 της
464 2986 569 3048 Δύοιως
583 2987 675 3038 καὶ
642 3004 692 3054 της
704 2969 759 3040 Ιιω.

129 3341 210 3422 Ῐτάρῳ
225 3347 324 3424 τὸγὰρ
342 3345 401 3425 μ]θν
415 3352 496 3424 σῶμα
511 3352 655 3424 κρύπτεται
669 3351 754 3412 κάτω,

128 3437 190 3510 ιάνω
207 3431 238 3489 δὲ
253 3431 332 3512 πρ[θς
344 3437 376 3490 τό
394 3433 464 3491 θιῖον
479 3437 499 3506 ἡ
514 3435 593 3514 ψυχὴ
611 3439 694 3512 μένει,

129 3521 261 3598 [ποθοῦσα
273 3520 340 3601 φ]ῶς
353 3521 501 3602 ἄφθαρτον,
518 3527 533 3580 θ
546 3529 649 3601 τρανῶς
662 3523 758 3602 βλέπει

79 3631 89 3676 2
130 3606 167 3664 ted
181 3614 234 3664 πᾶν
252 3607 346 3688 ράπΙος
359 3615 484 3688 ρυγοῦοι
497 3615 546 3682 τῆς
560 3613 706 3690 ἁμαρτίας.

132 3697 204 3762 ιΙΙαῖς
220 3695 346 3777 μὲνγὰρ]
361 3695 439 3762 οὗτος
451 3696 487 3770 ἥν
504 3700 599 3754 Ιτῶν“
584 3720 619 3763 ως
632 3697 676 3755 tud
679 3720 739 3772 ικα,

132 3784 291 3861 Ιπάγκαλος,
308 3785 422 3852 άπλοῦς,
439 3789 560 3865 εὐγενὴς,
575 3787 769 3864 γλυκὺςλίαν·

132 3821 161 3928 δν
174 3860 299 3938 Ιοαάκιος
303 3875 398 3940 ,θότις
412 3872 526 3960 ἔξαρχος
543 3879 627 3953 μέγας

134 3963 245 4039 ἔργοις
235 3961 344 4041 διίχθη
356 3969 409 4019 τῶν
424 3949 526 4020 Ιταλῶν
539 3984 585 4042 οτρ
588 3985 651 4020 ατευ
657 3968 759 4041 μάτων,

17 4107 18 4132 3
72 4061 91 4104 ιι
136 4049 247 4107 ἔκλαυοε
261 4056 362 4129 πικρῶς
377 4053 408 4107 ἐκ
425 4050 570 4128 βάθους
537 4073 588 4122 της
601 4051 724 4130 καρδίας,

17 4141 18 4148 ’
135 4141 167 4203 ιἰς
179 4143 247 4218 πρὸς
259 4141 361 4218 πατρός
377 4143 425 4217 μιν
440 4139 511 4204 θεῖος
524 4143 608 4197 αὐτοῦ
620 4144 774 4218 τυγχάνων,

137 4228 202 4304 ἔχων
217 4226 249 4283 δὲ
260 4230 327 4305 πρὸς
341 4230 422 4284 αὐτὸν
437 4227 583 4306 σπλάγχνα
593 4233 726 4308 πατρικοῦ
740 4227 839 4287 πόθου.

104 4419 110 4425 -
118 4423 553 4433 ··--—-——..--—.—.-...
577 4427 649 4432 —--—-
661 4426 758 4431 —---
768 4411 1255 4432 —w-—ae-—a———ss

134 4551 237 4602 humani
251 4567 358 4616 prorsus
372 4551 462 4603 nescia
473 4554 551 4603 turba
561 4552 629 4602 dolit

107 4633 159 4683 Nou
167 4635 233 4700 jam,
248 4636 342 4695 Roma
355 4636 421 4686 meio
433 4651 527 4701 carpes
537 4651 554 4686 ιι
567 4635 702 4686 frondibus
714 4637 844 4696 umbram,

136 4727 207 4770 eruto
221 4719 345 4770 Tbretcio
356 4719 436 4784 stirps
450 4721 572 4785 aquilone
581 4719 662 4784 jacet.

396 4857 455 4907 734.
473 4869 560 4906 ιιιυο.
612 4871 615 4876 ·

112 4967 155 5014 Hic
168 4973 207 5016 eet
218 4966 335 5032 sepultus
346 4965 490 5032 imperator
502 4965 627 5031 optimus,

111 5065 196 5100 neura
207 5066 255 5116 per
266 5064 343 5115 quem
357 5051 443 5100 Roma
454 5055 576 5114 tutaeque
590 5049 728 5101 Occidens.

112 5131 195 5183 Ιιιιοοο
207 5149 254 5199 per
265 5140 324 5184 octo
337 5147 384 5198 per
394 5132 535 5198 decemque
547 5132 661 5184 Ieaaciue

112 5231 197 5268 manue
208 5217 308 5268 serenis
319 5217 371 5268 fida
383 5231 474 5283 regum
484 5215 610 5282 despotin,

869 2559 875 2820 ι

919 567 1057 624 hominum
1069 567 1246 641 malignitatis
1256 584 1428 641 nequaquam
1440 565 1593 623 scientem?

885 655 994 712 Nostris
1007 655 1091 710 ramis
1105 655 1270 712 obumbrata
1281 673 1336 712 non
1349 656 1404 728 jam
1420 655 1509 711 Roma
1525 659 1584 710 est:

921 743 1001 799 radix
1014 743 1086 800 enim
1101 743 1189 800 fracta
1202 750 1245 799 est
1259 743 1383 800 Thraciis
1396 743 1497 798 ventio.

1177 899 1240 953 7³3.
1260 906 1360 950 ιιιιιιι.

923 1028 1047 1084 Pastoris
1061 1027 1157 1101 optimi
1169 1026 1397 1084 adeo-dictarum
1410 1025 1562 1080 orationum

923 1122 992 1182 erat,
1009 1114 1108 1184 viator,
1124 1119 1326 1171 monumentum
1339 1111 1476 1169 memoriae
1490 1109 1599 1184 gratia:

924 1202 1073 1260 Maximion
1088 1208 1264 1258 exstruxerat
1276 1200 1305 1256 id
1319 1201 1376 1256 suis
1390 1199 1476 1260 curis.

923 1291 980 1346 Sed
988 1289 1016 1346 in
1030 1289 1241 1348 deminutionem
1255 1295 1367 1344 venerat
1382 1294 1553 1361 pertempus
1567 1284 1641 1351 olim,

925 1393 986 1450 qum
998 1376 1108 1434 additur
1122 1375 1292 1451 temporibus
1305 1375 1416 1431 famula.

926 1466 963 1520 at
976 1463 1135 1532 Eunomius,
1148 1470 1280 1519 renovato
1294 1459 1508 1526 constructione,

926 1558 1022 1624 utpote
1036 1551 1083 1624 qui
1095 1551 1207 1625 sapiens
1221 1551 1258 1606 sit
1268 1549 1390 1606 medicus
1406 1555 1434 1604 et
1445 1563 1596 1620 generosus

926 1641 1014 1696 erexit
1027 1639 1056 1694 id
1070 1638 1149 1696 ιινΙιιιι
1162 1639 1241 1694 famoe
1255 1637 1354 1712 gratia,

927 1719 1654 1800 ipselibeute-animohereditatem-sortitus,utolim.

1183 1879 1244 1933 734.
1265 1886 1364 1928 ιιιυο.

929 2011 980 2066 ΗΙο
987 2010 1063 2082 jacet
1073 2009 1120 2082 qui
1131 2007 1361 2065 exercitus-duxit
1369 2006 1473 2080 pulcre,

930 2095 1100 2167 Romamque
1112 2094 1232 2151 servavit
1244 2093 1357 2150 illaesam
1369 2100 1397 2150 et
1411 2091 1584 2148 Occidentem

930 2181 1060 2260 tersenis
1074 2181 1153 2238 aunis
1168 2181 1273 2238 serenis
1287 2181 1404 2238 dominis

932 2254 1062 2339 isaacius,
1078 2287 1175 2344 regum
1187 2269 1421 2336 inbellis-socius,

931 2359 998 2415 illud
1011 2364 1115 2416 cunctae
1129 2357 1264 2414 Armeniae
1278 2358 1363 2414 decus
1375 2357 1474 2431 ingens
1487 2373 1493 2411 :

931 2445 1077 2502 Armenius
1088 2444 1161 2502 euim
1173 2451 1234 2502 erat
1247 2445 1293 2501 hic
1307 2462 1322 2501 e
1336 2442 1479 2517 splendido
1492 2445 1613 2514 genere.¹

933 2536 971 2591 Eo
984 2541 1092 2592 mortuo
1104 2534 1234 2608 gloriose,
1249 2549 1364 2589 consors

934 2625 1062 2680 Susanna
1074 2627 1161 2692 costa,
1176 2620 1293 2679 turturis
1307 2621 1413 2694 pudice
1427 2619 1525 2684 instar,

934 2712 1032 2769 crebra
1044 2709 1131 2784 gemit
1142 2711 1201 2768 viro
1215 2710 1323 2777 orbata,

934 2801 993 2856 viro
1005 2799 1106 2873 adepto
1119 2798 1260 2855 laboribus
1273 2797 1488 2854 bonam-famam

894 2931 896 2938 ι
936 2888 964 2944 in
978 2888 1084 2945 oriente
1098 2887 1164 2944 solis
1178 2893 1207 2943 et
1219 2887 1249 2942 in
1263 2903 1382 2943 occosu:

936 2976 1038 3034 militia
1050 2977 1121 3032 enim
1135 2974 1246 3050 prefuit
1259 2982 1287 3032 et
1298 2973 1454 3031 Occidentis
1469 2979 1496 3028 et
1510 2973 1633 3026 Aurorae.
1658 3027 1660 3032 ,

875 3362 876 3370 ’
909 3347 1064 3426 sepulcro
1079 3345 1150 3401 enim
1163 3361 1264 3418 corpus
1277 3343 1383 3415 tegitur
1394 3341 1503 3406 subtuS,

941 3451 1026 3509 supra
1038 3440 1129 3490 autem
1144 3431 1218 3506 apud
1232 3430 1313 3487 deum
1328 3429 1419 3486 anima
1432 3431 1534 3488 manet,

941 3539 1035 3580 amane
1050 3519 1137 3576 lucem
1149 3517 1345 3590 incorruptam,
1360 3531 1442 3588 quam
1457 3517 1536 3585 apert
1537 3527 1552 3566 e
1525 3513 1669 3574 ttuetur,

941 3609 1046 3668 cunctis
1061 3605 1190 3663 sordibus
1204 3603 1298 3660 vitatis
1312 3601 1428 3678 peccati.

878 3756 880 3777 ,
942 3701 1015 3756 Puer
1024 3695 1096 3752 enim
1107 3694 1159 3750 iste
1169 3700 1230 3750 erat
1241 3690 1319 3748 annis
1329 3690 1437 3746 circiter
1446 3685 1570 3743 undecim
1572 3678 1670 3746 notus,

878 3780 881 3856 Ι
942 3784 1117 3862 perpulcher,
1133 3775 1259 3857 simplex,
1275 3794 1438 3854 generosus,
1452 3773 1539 3830 dulcis
1553 3771 1653 3826 ualde:

943 3891 1024 3948 quem
1038 3869 1170 3936 isaacius,
1185 3866 1232 3942 qui
1246 3867 1303 3922 dux
1317 3881 1433 3938 magnus

945 3961 1033 4036 gestis
1047 3958 1201 4015 declaratus
1215 3961 1259 4012 est
1272 3954 1425 4011 italicorum
1440 3949 1619 4014 exercituum,

945 4048 1056 4108 dederit
1070 4063 1161 4103 amare
1175 4063 1210 4100 ex
1224 4043 1319 4100 intimo
1333 4047 1455 4116 pectore,

946 4145 1042 4213 utpote
1056 4143 1172 4210 patruus
1186 4130 1274 4206 ipsius
1288 4130 1335 4204 qui
1349 4135 1419 4198 erat,

947 4222 1143 4297 habebatque'
1137 4239 1165 4278 ιιι
1179 4237 1241 4277 eum
1255 4217 1339 4274 corda
1351 4215 1460 4290 paterni
1473 4210 1573 4268 amoris
1580 4211 1675 4282 plana.

1258 4397 1678 4418 ..-----—-—---·

906 4537 1017 4598 'illustre
1026 4541 1075 4592 toti
1085 4541 1148 4590 vixit
1161 4537 1294 4588 Armeniae
1309 4535 1388 4584 decue
1401 4549 1407 4580 :

915 4645 977 4681 nom
987 4599 1088 4693 genere⁸
1097 4625 1170 4674 claro
1181 4627 1258 4670 natue
1271 4615 1411 4668 Armenius
1422 4612 1479 4662 suit.

916 4715 993 4765 Hune
1004 4717 1089 4760 morte
1103 4718 1261 4772 quamquam
1273 4699 1355 4750 nobili
1369 4698 1482 4762 raptum,
1497 4703 1582 4744 tamen

917 4798 1040 4848 Susanna
1053 4791 1157 4856 conjux,
1171 4785 1281 4838 turturis
1292 4789 1372 4834 castae
1386 4778 1474 4840 modo,

917 4892 1033 4946 perennc
1046 4876 1127 4940 luget,
1140 4872 1206 4923 orbe
1218 4865 1369 4935 praestantis
1379 4863 1438 4923 riri,

917 4961 976 5022 rin,
988 4961 1079 5010 labore
1091 4955 1134 5007 cui
1145 4959 1250 5021 roperta
1261 4957 1302 5002 eet
1313 4945 1407 5014 gloria,

919 5059 972 5110 quo
982 5043 1097 5112 Phoebus
1111 5037 1203 5097 oritur,
1216 5047 1319 5102 quoque
1332 5027 1470 5094 demergit
1482 5025 1559 5085 mori,

920 5143 1032 5192 namque
1044 5125 1116 5175 rexit
1120 5125 1199 5174 Ortus
1213 5117 1320 5186 agmine
1331 5123 1410 5182 etque
1422 5110 1559 5178 Vesperie-

1516 5211 1543 5246 ιι
1562 5206 1685 5244 onorius,
