<?xml version="1.0" encoding="UTF-8"?>
<!DOCTYPE html PUBLIC "-//W3C//DTD XHTML 1.0 Transitional//EN"
    "http://www.w3.org/TR/xhtml1/DTD/xhtml1-transitional.dtd">
<html xmlns="http://www.w3.org/1999/xhtml" xml:lang="en" lang="en">
 <head>
  <title>
</title>
<meta http-equiv="Content-Type" content="text/html;charset=utf-8" />
  <meta name='ocr-system' content='tesseract 3.04.00' />
  <meta name='ocr-capabilities' content='ocr_page ocr_carea ocr_par ocr_line ocrx_word'/>
</head>
<body>
  <div class='ocr_page' id='page_1' title='image "./epigrammatumant02couggoog/epigrammatumant02couggoog_0399.png"; bbox 0 0 3866 6016; ppageno 0'>
   <div class='ocr_carea' id='block_1_1' title="bbox 237 409 290 467">
    <p class='ocr_par' dir='ltr' id='par_1_1' title="bbox 237 409 290 467">
     <span class='ocr_line' id='line_1_1' title="bbox 237 409 290 467; baseline -0.019 0"><span class='ocrx_word' id='word_1_1' title='bbox 237 409 290 467; x_wconf 78' lang='lat'>388</span> 
     </span>
    </p>
   </div>
   <div class='ocr_carea' id='block_1_2' title="bbox 233 539 999 1313">
    <p class='ocr_par' dir='ltr' id='par_1_2' title="bbox 233 539 999 1313">
     <span class='ocr_line' id='line_1_2' title="bbox 269 539 999 605; baseline 0.001 -16"><span class='ocrx_word' id='word_1_2' title='bbox 269 540 345 590; x_wconf 88' lang='lat' dir='ltr'>CDll.</span> <span class='ocrx_word' id='word_1_3' title='bbox 369 540 398 589; x_wconf 93' lang='lat' dir='ltr'>In</span> <span class='ocrx_word' id='word_1_4' title='bbox 421 539 544 590; x_wconf 87' lang='lat' dir='ltr'>thesauro</span> <span class='ocrx_word' id='word_1_5' title='bbox 570 541 722 590; x_wconf 89' lang='lat' dir='ltr'>monasterii</span> <span class='ocrx_word' id='word_1_6' title='bbox 745 541 919 591; x_wconf 82' lang='lat' dir='ltr'>Cistercienair</span> <span class='ocrx_word' id='word_1_7' title='bbox 943 541 999 605; x_wconf 85' lang='lat' dir='ltr'>(Cl-</span> 
     </span>
     <span class='ocr_line' id='line_1_3' title="bbox 236 605 998 672; baseline 0.004 -17"><span class='ocrx_word' id='word_1_8' title='bbox 236 607 335 670; x_wconf 73' lang='lat' dir='ltr'>ieeur),</span> <span class='ocrx_word' id='word_1_9' title='bbox 360 605 388 656; x_wconf 90' lang='lat' dir='ltr'>in</span> <span class='ocrx_word' id='word_1_10' title='bbox 412 607 489 655; x_wconf 84' lang='lat' dir='ltr'>theca</span> <span class='ocrx_word' id='word_1_11' title='bbox 511 605 641 664; x_wconf 89' lang='lat' dir='ltr'>inaurata,</span> <span class='ocrx_word' id='word_1_12' title='bbox 665 607 692 655; x_wconf 89' lang='lat' dir='ltr'>in</span> <span class='ocrx_word' id='word_1_13' title='bbox 713 621 765 672; x_wconf 90' lang='lat' dir='ltr'>qua</span> <span class='ocrx_word' id='word_1_14' title='bbox 787 607 916 657; x_wconf 86' lang='lat' dir='ltr'>inclusum</span> <span class='ocrx_word' id='word_1_15' title='bbox 940 624 998 658; x_wconf 85' lang='lat' dir='ltr'>esse</span> 
     </span>
     <span class='ocr_line' id='line_1_4' title="bbox 235 670 997 738; baseline 0.007 -18"><span class='ocrx_word' id='word_1_16' title='bbox 235 670 331 721; x_wconf 87' lang='lat' dir='ltr'>dicitur</span> <span class='ocrx_word' id='word_1_17' title='bbox 367 671 501 721; x_wconf 79' lang='lat' dir='ltr'>brachium</span> <span class='ocrx_word' id='word_1_18' title='bbox 531 672 558 720; x_wconf 89' lang='lat' dir='ltr'>S.</span> <span class='ocrx_word' id='word_1_19' title='bbox 591 672 701 722; x_wconf 85' lang='lat' dir='ltr'>Joannis</span> <span class='ocrx_word' id='word_1_20' title='bbox 733 673 868 738; x_wconf 76' lang='lat' dir='ltr'>Baptistae.</span> <span class='ocrx_word' id='word_1_21' title='bbox 904 673 997 724; x_wconf 80' lang='lat' dir='ltr'>Editus</span> 
     </span>
     <span class='ocr_line' id='line_1_5' title="bbox 236 735 997 806; baseline 0.007 -21"><span class='ocrx_word' id='word_1_22' title='bbox 236 735 333 801; x_wconf 85' lang='lat' dir='ltr'>legitur</span> <span class='ocrx_word' id='word_1_23' title='bbox 353 736 380 786; x_wconf 90' lang='lat' dir='ltr'>in</span> <span class='ocrx_word' id='word_1_24' title='bbox 401 737 477 794; x_wconf 83' lang='lat' dir='ltr'>libro.</span> <span class='ocrx_word' id='word_1_25' title='bbox 502 736 547 802; x_wconf 94' lang='lat' dir='ltr'>qui</span> <span class='ocrx_word' id='word_1_26' title='bbox 569 736 711 802; x_wconf 91' lang='lat' dir='ltr'>inscriptus</span> <span class='ocrx_word' id='word_1_27' title='bbox 732 746 772 788; x_wconf 87' lang='lat' dir='ltr'>est</span> <span class='ocrx_word' id='word_1_28' title='bbox 801 740 902 806; x_wconf 76' lang='lat' dir='ltr'>Voycige</span> <span class='ocrx_word' id='word_1_29' title='bbox 928 739 997 790; x_wconf 72' lang='lat' dir='ltr'>iiiit-</span> 
     </span>
     <span class='ocr_line' id='line_1_6' title="bbox 234 802 996 872; baseline 0.007 -21"><span class='ocrx_word' id='word_1_30' title='bbox 234 804 307 852; x_wconf 85' lang='lat' dir='ltr'>rai&#39;re</span> <span class='ocrx_word' id='word_1_31' title='bbox 326 803 358 853; x_wconf 81' lang='lat' dir='ltr'>de</span> <span class='ocrx_word' id='word_1_32' title='bbox 376 803 444 853; x_wconf 79' lang='lat' dir='ltr'>deae</span> <span class='ocrx_word' id='word_1_33' title='bbox 461 802 591 866; x_wconf 73' lang='lat' dir='ltr'>religieux</span> <span class='ocrx_word' id='word_1_34' title='bbox 610 805 775 854; x_wconf 72' lang='lat' dir='ltr'>Bdiiddictins</span> <span class='ocrx_word' id='word_1_35' title='bbox 794 805 826 854; x_wconf 85' lang='lat' dir='ltr'>de</span> <span class='ocrx_word' id='word_1_36' title='bbox 838 805 863 854; x_wconf 84' lang='lat' dir='ltr'>ta</span> <span class='ocrx_word' id='word_1_37' title='bbox 884 806 996 872; x_wconf 73' lang='lat' dir='ltr'>Congre-</span> 
     </span>
     <span class='ocr_line' id='line_1_7' title="bbox 235 869 996 934; baseline 0.005 -16"><span class='ocrx_word' id='word_1_38' title='bbox 235 869 325 932; x_wconf 83' lang='grc' dir='ltr'>ραίίοκ</span> <span class='ocrx_word' id='word_1_39' title='bbox 353 870 385 918; x_wconf 86' lang='lat' dir='ltr'>de</span> <span class='ocrx_word' id='word_1_40' title='bbox 407 869 584 918; x_wconf 75' lang='lat' dir='ltr'>Satist-Maur.</span> <span class='ocrx_word' id='word_1_41' title='bbox 612 871 645 918; x_wconf 88' lang='grc' dir='ltr'>Τ.</span> <span class='ocrx_word' id='word_1_42' title='bbox 674 871 699 926; x_wconf 90' lang='grc' dir='ltr'>Ι,</span> <span class='ocrx_word' id='word_1_43' title='bbox 728 886 753 934; x_wconf 88' lang='lat' dir='ltr'>p.</span> <span class='ocrx_word' id='word_1_44' title='bbox 792 871 850 920; x_wconf 90' lang='grc'><strong>223.</strong></span> <span class='ocrx_word' id='word_1_45' title='bbox 880 872 996 922; x_wconf 84' lang='lat' dir='ltr'>Thecam</span> 
     </span>
     <span class='ocr_line' id='line_1_8' title="bbox 234 933 998 1002; baseline 0.007 -20"><span class='ocrx_word' id='word_1_46' title='bbox 234 935 303 983; x_wconf 85' lang='lat' dir='ltr'>lianc</span> <span class='ocrx_word' id='word_1_47' title='bbox 322 933 487 984; x_wconf 86' lang='lat' dir='ltr'>Benediciini</span> <span class='ocrx_word' id='word_1_48' title='bbox 510 936 543 984; x_wconf 87' lang='lat' dir='ltr'>ab</span> <span class='ocrx_word' id='word_1_49' title='bbox 566 935 661 984; x_wconf 90' lang='lat' dir='ltr'>Ottone</span> <span class='ocrx_word' id='word_1_50' title='bbox 687 937 786 998; x_wconf 76' lang='lat' dir='ltr'>Cycons</span> <span class='ocrx_word' id='word_1_51' title='bbox 804 937 905 999; x_wconf 79' lang='lat' dir='ltr'>Carysti</span> <span class='ocrx_word' id='word_1_52' title='bbox 927 937 998 1002; x_wconf 91' lang='lat' dir='ltr'>prin·</span> 
     </span>
     <span class='ocr_line' id='line_1_9' title="bbox 234 999 995 1066; baseline 0.007 -17"><span class='ocrx_word' id='word_1_53' title='bbox 234 1000 301 1064; x_wconf 82' lang='lat' dir='ltr'>cipe,</span> <span class='ocrx_word' id='word_1_54' title='bbox 316 999 358 1050; x_wconf 88' lang='lat' dir='ltr'>cni</span> <span class='ocrx_word' id='word_1_55' title='bbox 369 999 470 1050; x_wconf 89' lang='lat' dir='ltr'>muneri</span> <span class='ocrx_word' id='word_1_56' title='bbox 480 1001 542 1050; x_wconf 89' lang='lat' dir='ltr'>data</span> <span class='ocrx_word' id='word_1_57' title='bbox 555 1001 640 1050; x_wconf 81' lang='lat' dir='ltr'>suerat</span> <span class='ocrx_word' id='word_1_58' title='bbox 654 1016 670 1050; x_wconf 90' lang='lat' dir='ltr'>a</span> <span class='ocrx_word' id='word_1_59' title='bbox 684 1001 813 1051; x_wconf 86' lang='lat' dir='ltr'>Balduino</span> <span class='ocrx_word' id='word_1_60' title='bbox 827 1002 995 1066; x_wconf 87' lang='lat' dir='ltr'>imperatore,</span> 
     </span>
     <span class='ocr_line' id='line_1_10' title="bbox 233 1065 994 1118; baseline 0.005 -4"><span class='ocrx_word' id='word_1_61' title='bbox 233 1065 392 1116; x_wconf 83' lang='lat' dir='ltr'>monasterio</span> <span class='ocrx_word' id='word_1_62' title='bbox 416 1065 628 1116; x_wconf 85' lang='lat' dir='ltr'>Cistarciensium</span> <span class='ocrx_word' id='word_1_63' title='bbox 649 1067 772 1116; x_wconf 77' lang='lat' dir='ltr'>donatam</span> <span class='ocrx_word' id='word_1_64' title='bbox 795 1083 853 1116; x_wconf 87' lang='lat' dir='ltr'>esse</span> <span class='ocrx_word' id='word_1_65' title='bbox 879 1070 994 1118; x_wconf 86' lang='lat' dir='ltr'>tradunt.</span> 
     </span>
     <span class='ocr_line' id='line_1_11' title="bbox 234 1131 996 1199; baseline 0.005 -19"><span class='ocrx_word' id='word_1_66' title='bbox 234 1131 419 1182; x_wconf 76' lang='lat' dir='ltr'>Constantinus</span> <span class='ocrx_word' id='word_1_67' title='bbox 435 1131 479 1180; x_wconf 90' lang='lat' dir='ltr'>ille</span> <span class='ocrx_word' id='word_1_68' title='bbox 493 1132 538 1197; x_wconf 86' lang='lat' dir='ltr'>qui</span> <span class='ocrx_word' id='word_1_69' title='bbox 555 1131 581 1181; x_wconf 95' lang='lat' dir='ltr'>in</span> <span class='ocrx_word' id='word_1_70' title='bbox 599 1133 649 1182; x_wconf 90' lang='lat' dir='ltr'>hoc</span> <span class='ocrx_word' id='word_1_71' title='bbox 665 1133 733 1190; x_wconf 88' lang='lat' dir='ltr'>tituli</span> <span class='ocrx_word' id='word_1_72' title='bbox 754 1141 922 1194; x_wconf 82' lang='lat' dir='ltr'>memoratur,</span> <span class='ocrx_word' id='word_1_73' title='bbox 938 1137 996 1199; x_wconf 82' lang='lat' dir='ltr'>quis</span> 
     </span>
     <span class='ocr_line' id='line_1_12' title="bbox 233 1196 994 1313; baseline 0.007 -69"><span class='ocrx_word' id='word_1_74' title='bbox 233 1196 323 1313; x_wconf 63' lang='grc' dir='ltr'>ίιιεχίιέ</span> <span class='ocrx_word' id='word_1_75' title='bbox 339 1213 387 1248; x_wconf 81' lang='lat' dir='ltr'>nos</span> <span class='ocrx_word' id='word_1_76' title='bbox 411 1197 487 1262; x_wconf 81' lang='lat' dir='ltr'>sugit.</span> <span class='ocrx_word' id='word_1_77' title='bbox 512 1201 588 1263; x_wconf 82' lang='lat' dir='ltr'>Corp.</span> <span class='ocrx_word' id='word_1_78' title='bbox 612 1199 678 1248; x_wconf 82' lang='lat' dir='ltr'>inse.</span> <span class='ocrx_word' id='word_1_79' title='bbox 700 1214 741 1264; x_wconf 83' lang='grc' dir='ltr'>ρν.</span> <span class='ocrx_word' id='word_1_80' title='bbox 766 1208 786 1248; x_wconf 88' lang='lat' dir='ltr'>t.</span> <span class='ocrx_word' id='word_1_81' title='bbox 812 1200 857 1259; x_wconf 87' lang='lat' dir='ltr'>IV,</span> <span class='ocrx_word' id='word_1_82' title='bbox 885 1216 911 1264; x_wconf 91' lang='lat' dir='ltr'>p.</span> <span class='ocrx_word' id='word_1_83' title='bbox 936 1203 994 1260; x_wconf 90' lang='grc'><strong>362,</strong></span> 
     </span>
     <span class='ocr_line' id='line_1_13' title="bbox 233 1265 350 1313; baseline 0.017 -2"><span class='ocrx_word' id='word_1_84' title='bbox 233 1279 259 1311; x_wconf 92' lang='lat' dir='ltr'>n.</span> <span class='ocrx_word' id='word_1_85' title='bbox 292 1265 350 1313; x_wconf 93' lang='grc'><strong>76.</strong></span> 
     </span>
    </p>
   </div>
   <div class='ocr_carea' id='block_1_3' title="bbox 266 1394 993 1458">
    <p class='ocr_par' dir='ltr' id='par_1_3' title="bbox 266 1394 993 1458">
     <span class='ocr_line' id='line_1_14' title="bbox 266 1394 993 1458; baseline 0 -14"><span class='ocrx_word' id='word_1_86' title='bbox 266 1394 356 1444; x_wconf 90' lang='lat' dir='ltr'>CDlIl.</span> <span class='ocrx_word' id='word_1_87' title='bbox 370 1395 486 1444; x_wconf 84' lang='lat' dir='ltr'>Cramer.</span> <span class='ocrx_word' id='word_1_88' title='bbox 500 1395 563 1445; x_wconf 82' lang='lat' dir='ltr'>ibid.</span> <span class='ocrx_word' id='word_1_89' title='bbox 575 1410 600 1458; x_wconf 88' lang='lat' dir='ltr'>p.</span> <span class='ocrx_word' id='word_1_90' title='bbox 613 1397 670 1446; x_wconf 85' lang='grc'><strong>326.</strong></span> <span class='ocrx_word' id='word_1_91' title='bbox 685 1395 723 1446; x_wconf 84' lang='lat' dir='ltr'>Cl.</span> <span class='ocrx_word' id='word_1_92' title='bbox 738 1394 798 1446; x_wconf 81' lang='lat' dir='ltr'>inlr.</span> <span class='ocrx_word' id='word_1_93' title='bbox 814 1412 856 1446; x_wconf 92' lang='lat' dir='ltr'>nn.</span> <span class='ocrx_word' id='word_1_94' title='bbox 873 1398 993 1448; x_wconf 84' lang='lat' dir='ltr'>iii-iic.</span> 
     </span>
    </p>
   </div>
   <div class='ocr_carea' id='block_1_4' title="bbox 230 1525 995 1854">
    <p class='ocr_par' dir='ltr' id='par_1_4' title="bbox 230 1525 995 1854">
     <span class='ocr_line' id='line_1_15' title="bbox 266 1525 995 1591; baseline 0.005 -17"><span class='ocrx_word' id='word_1_95' title='bbox 266 1525 355 1574; x_wconf 83' lang='lat' dir='ltr'>cuiv.</span> <span class='ocrx_word' id='word_1_96' title='bbox 373 1527 490 1576; x_wconf 89' lang='lat' dir='ltr'>Cramer.</span> <span class='ocrx_word' id='word_1_97' title='bbox 511 1525 576 1574; x_wconf 77' lang='lat' dir='ltr'>itin.</span> <span class='ocrx_word' id='word_1_98' title='bbox 591 1542 617 1591; x_wconf 90' lang='lat' dir='ltr'>p.</span> <span class='ocrx_word' id='word_1_99' title='bbox 636 1528 693 1576; x_wconf 87' lang='grc'><strong>262.</strong></span> <span class='ocrx_word' id='word_1_100' title='bbox 710 1555 739 1564; x_wconf 91' lang='lat'>-</span> <span class='ocrx_word' id='word_1_101' title='bbox 754 1528 801 1577; x_wconf 87' lang='lat' dir='ltr'>Vs.</span> <span class='ocrx_word' id='word_1_102' title='bbox 819 1531 841 1578; x_wconf 89' lang='lat' dir='ltr'>i.</span> <span class='ocrx_word' id='word_1_103' title='bbox 861 1528 995 1590; x_wconf 79' lang='lat' dir='ltr'>Lychnum</span> 
     </span>
     <span class='ocr_line' id='line_1_16' title="bbox 233 1590 994 1655; baseline 0.005 -16"><span class='ocrx_word' id='word_1_104' title='bbox 233 1599 308 1640; x_wconf 78' lang='lat' dir='ltr'>vocat</span> <span class='ocrx_word' id='word_1_105' title='bbox 322 1590 379 1641; x_wconf 80' lang='lat' dir='ltr'>niv.</span> <span class='ocrx_word' id='word_1_106' title='bbox 399 1593 528 1641; x_wconf 75' lang='lat' dir='ltr'>loannem</span> <span class='ocrx_word' id='word_1_107' title='bbox 547 1607 735 1655; x_wconf 74' lang='lat' dir='ltr'>praecursorem</span> <span class='ocrx_word' id='word_1_108' title='bbox 749 1609 779 1642; x_wconf 88' lang='lat' dir='ltr'>ex</span> <span class='ocrx_word' id='word_1_109' title='bbox 799 1594 901 1643; x_wconf 84' lang='lat' dir='ltr'>Joanne</span> <span class='ocrx_word' id='word_1_110' title='bbox 917 1609 994 1644; x_wconf 87' lang='lat' dir='ltr'>evan-</span> 
     </span>
     <span class='ocr_line' id='line_1_17' title="bbox 234 1655 992 1724; baseline 0.007 -20"><span class='ocrx_word' id='word_1_111' title='bbox 234 1656 337 1714; x_wconf 80' lang='lat' dir='ltr'>gelista,</span> <span class='ocrx_word' id='word_1_112' title='bbox 353 1672 411 1722; x_wconf 83' lang='lat' dir='ltr'>cap.</span> <span class='ocrx_word' id='word_1_113' title='bbox 432 1659 464 1718; x_wconf 79' lang='lat' dir='ltr'>V,</span> <span class='ocrx_word' id='word_1_114' title='bbox 483 1659 525 1716; x_wconf 88' lang='grc'>33,</span> <span class='ocrx_word' id='word_1_115' title='bbox 543 1655 589 1706; x_wconf 90' lang='lat' dir='ltr'>ubi</span> <span class='ocrx_word' id='word_1_116' title='bbox 608 1657 726 1708; x_wconf 89' lang='lat' dir='ltr'>Christus</span> <span class='ocrx_word' id='word_1_117' title='bbox 747 1673 753 1708; x_wconf 78' lang='grc' dir='ltr'>ι</span> <span class='ocrx_word' id='word_1_118' title='bbox 775 1660 877 1719; x_wconf 84' lang='grc' dir='ltr'>ἐκεῖνος,</span> <span class='ocrx_word' id='word_1_119' title='bbox 898 1659 992 1724; x_wconf 89' lang='lat' dir='ltr'>inquit,</span> 
     </span>
     <span class='ocr_line' id='line_1_18' title="bbox 230 1719 993 1790; baseline 0.007 -20"><span class='ocrx_word' id='word_1_120' title='bbox 230 1719 259 1782; x_wconf 73' lang='grc' dir='ltr'>ἦν</span> <span class='ocrx_word' id='word_1_121' title='bbox 270 1723 379 1787; x_wconf 83' lang='grc' dir='ltr'>ὀλόχνος</span> <span class='ocrx_word' id='word_1_122' title='bbox 392 1726 405 1772; x_wconf 86' lang='grc' dir='ltr'>ό</span> <span class='ocrx_word' id='word_1_123' title='bbox 417 1724 547 1785; x_wconf 75' lang='grc' dir='ltr'><strong>καιόμενος</strong></span> <span class='ocrx_word' id='word_1_124' title='bbox 556 1725 596 1772; x_wconf 83' lang='grc' dir='ltr'>καί</span> <span class='ocrx_word' id='word_1_125' title='bbox 609 1725 709 1786; x_wconf 89' lang='grc' dir='ltr'>φαίνων.</span> <span class='ocrx_word' id='word_1_126' title='bbox 723 1724 762 1774; x_wconf 82' lang='lat' dir='ltr'>Cf.</span> <span class='ocrx_word' id='word_1_127' title='bbox 777 1740 850 1790; x_wconf 87' lang='lat' dir='ltr'>seqq.</span> <span class='ocrx_word' id='word_1_128' title='bbox 864 1724 993 1790; x_wconf 81' lang='lat' dir='ltr'>epigram.</span> 
     </span>
     <span class='ocr_line' id='line_1_19' title="bbox 231 1787 721 1854; baseline 0.002 -16"><span class='ocrx_word' id='word_1_129' title='bbox 231 1797 257 1838; x_wconf 93' lang='lat' dir='ltr'>et</span> <span class='ocrx_word' id='word_1_130' title='bbox 272 1789 393 1838; x_wconf 88' lang='lat' dir='ltr'>Nonnum</span> <span class='ocrx_word' id='word_1_131' title='bbox 407 1787 433 1838; x_wconf 93' lang='lat' dir='ltr'>in</span> <span class='ocrx_word' id='word_1_132' title='bbox 448 1789 542 1839; x_wconf 77' lang='grc' dir='ltr'>Ιοαιια.</span> <span class='ocrx_word' id='word_1_133' title='bbox 553 1789 587 1847; x_wconf 84' lang='lat' dir='ltr'>V,</span> <span class='ocrx_word' id='word_1_134' title='bbox 601 1793 647 1838; x_wconf 81' lang='grc'>136</span> <span class='ocrx_word' id='word_1_135' title='bbox 659 1805 699 1854; x_wconf 87' lang='lat' dir='ltr'>sq.</span> <span class='ocrx_word' id='word_1_136' title='bbox 715 1806 721 1840; x_wconf 95' lang='lat'><strong>:</strong></span> 
     </span>
    </p>
   </div>
   <div class='ocr_carea' id='block_1_5' title="bbox 263 1894 919 2029">
    <p class='ocr_par' dir='ltr' id='par_1_5' title="bbox 263 1894 919 2029">
     <span class='ocr_line' id='line_1_20' title="bbox 263 1894 843 1962; baseline 0 -17"><span class='ocrx_word' id='word_1_137' title='bbox 263 1897 347 1951; x_wconf 85' lang='grc' dir='ltr'>Κεῐνος</span> <span class='ocrx_word' id='word_1_138' title='bbox 367 1894 485 1954; x_wconf 76' lang='grc' dir='ltr'>Ἰωάννης</span> <span class='ocrx_word' id='word_1_139' title='bbox 497 1896 599 1961; x_wconf 89' lang='grc' dir='ltr'>νοεροὺς</span> <span class='ocrx_word' id='word_1_140' title='bbox 613 1899 745 1962; x_wconf 70' lang='grc' dir='ltr'>σπινθῆρας</span> <span class='ocrx_word' id='word_1_141' title='bbox 757 1897 843 1947; x_wconf 85' lang='grc' dir='ltr'>ίοίλλων</span> 
     </span>
     <span class='ocr_line' id='line_1_21' title="bbox 263 1962 919 2029; baseline 0.006 -19"><span class='ocrx_word' id='word_1_142' title='bbox 263 1962 374 2020; x_wconf 82' lang='grc' dir='ltr'>εδσεόίης</span> <span class='ocrx_word' id='word_1_143' title='bbox 384 1964 440 2012; x_wconf 73' lang='lat' dir='ltr'>risle</span> <span class='ocrx_word' id='word_1_144' title='bbox 453 1963 541 2026; x_wconf 82' lang='grc' dir='ltr'>λύχνος</span> <span class='ocrx_word' id='word_1_145' title='bbox 552 1963 672 2026; x_wconf 81' lang='grc' dir='ltr'>ἐτίγτυμος</span> <span class='ocrx_word' id='word_1_146' title='bbox 683 1964 784 2029; x_wconf 78' lang='grc' dir='ltr'>ἀνδράσι</span> <span class='ocrx_word' id='word_1_147' title='bbox 800 1967 919 2026; x_wconf 89' lang='grc' dir='ltr'>φαίνων...</span> 
     </span>
    </p>
   </div>
   <div class='ocr_carea' id='block_1_6' title="bbox 230 2070 994 2268">
    <p class='ocr_par' dir='ltr' id='par_1_6' title="bbox 230 2070 994 2268">
     <span class='ocr_line' id='line_1_22' title="bbox 230 2070 994 2138; baseline 0.004 -18"><span class='ocrx_word' id='word_1_148' title='bbox 230 2099 260 2109; x_wconf 89' lang='grc'><strong>-</strong></span> <span class='ocrx_word' id='word_1_149' title='bbox 281 2071 327 2120; x_wconf 90' lang='lat' dir='ltr'>Vs.</span> <span class='ocrx_word' id='word_1_150' title='bbox 341 2073 366 2120; x_wconf 84' lang='grc'>2.</span> <span class='ocrx_word' id='word_1_151' title='bbox 381 2071 484 2134; x_wconf 75' lang='grc' dir='ltr'>ἐλέγχων</span> <span class='ocrx_word' id='word_1_152' title='bbox 499 2072 578 2132; x_wconf 80' lang='grc' dir='ltr'>πηγήν</span> <span class='ocrx_word' id='word_1_153' title='bbox 594 2070 663 2122; x_wconf 89' lang='lat' dir='ltr'>idem</span> <span class='ocrx_word' id='word_1_154' title='bbox 679 2073 858 2137; x_wconf 87' lang='lat' dir='ltr'>metaphorice</span> <span class='ocrx_word' id='word_1_155' title='bbox 873 2072 994 2138; x_wconf 81' lang='lat' dir='ltr'>exprimit</span> 
     </span>
     <span class='ocr_line' id='line_1_23' title="bbox 230 2137 993 2204; baseline 0.004 -18"><span class='ocrx_word' id='word_1_156' title='bbox 230 2137 298 2202; x_wconf 90' lang='lat' dir='ltr'>quod</span> <span class='ocrx_word' id='word_1_157' title='bbox 309 2137 424 2186; x_wconf 78' lang='lat' dir='ltr'>loannes</span> <span class='ocrx_word' id='word_1_158' title='bbox 437 2137 605 2199; x_wconf 84' lang='lat' dir='ltr'>Evangelista</span> <span class='ocrx_word' id='word_1_159' title='bbox 620 2139 698 2187; x_wconf 84' lang='lat' dir='ltr'>verbo</span> <span class='ocrx_word' id='word_1_160' title='bbox 716 2140 833 2204; x_wconf 83' lang='grc' dir='ltr'>μαρτυρεῖ</span> <span class='ocrx_word' id='word_1_161' title='bbox 847 2140 879 2188; x_wconf 89' lang='lat' dir='ltr'>de</span> <span class='ocrx_word' id='word_1_162' title='bbox 891 2140 993 2189; x_wconf 87' lang='lat' dir='ltr'>Joanne</span> 
     </span>
     <span class='ocr_line' id='line_1_24' title="bbox 230 2203 945 2268; baseline 0.001 -16"><span class='ocrx_word' id='word_1_163' title='bbox 230 2204 406 2262; x_wconf 78' lang='lat' dir='ltr'>Praecursore,</span> <span class='ocrx_word' id='word_1_164' title='bbox 420 2203 483 2252; x_wconf 75' lang='lat' dir='ltr'>iiiii.</span> <span class='ocrx_word' id='word_1_165' title='bbox 500 2205 541 2264; x_wconf 86' lang='grc'>33,</span> <span class='ocrx_word' id='word_1_166' title='bbox 557 2205 587 2254; x_wconf 89' lang='grc'>36</span> <span class='ocrx_word' id='word_1_167' title='bbox 603 2213 629 2254; x_wconf 93' lang='lat' dir='ltr'>et</span> <span class='ocrx_word' id='word_1_168' title='bbox 643 2219 703 2268; x_wconf 88' lang='lat' dir='ltr'>cap.</span> <span class='ocrx_word' id='word_1_169' title='bbox 722 2204 744 2262; x_wconf 90' lang='grc' dir='ltr'><strong>Ι,</strong></span> <span class='ocrx_word' id='word_1_170' title='bbox 759 2205 784 2266; x_wconf 90' lang='grc'><strong>7,</strong></span> <span class='ocrx_word' id='word_1_171' title='bbox 800 2207 824 2266; x_wconf 90' lang='lat'>8,</span> <span class='ocrx_word' id='word_1_172' title='bbox 841 2207 881 2264; x_wconf 80' lang='lat' dir='ltr'>ii,</span> <span class='ocrx_word' id='word_1_173' title='bbox 895 2211 945 2254; x_wconf 87' lang='lat' dir='ltr'>etc.</span> 
     </span>
    </p>
   </div>
   <div class='ocr_carea' id='block_1_7' title="bbox 230 2333 992 2516">
    <p class='ocr_par' dir='ltr' id='par_1_7' title="bbox 230 2333 992 2516">
     <span class='ocr_line' id='line_1_25' title="bbox 263 2333 992 2400; baseline 0.003 -16"><span class='ocrx_word' id='word_1_174' title='bbox 263 2335 339 2384; x_wconf 88' lang='lat' dir='ltr'>CDV.</span> <span class='ocrx_word' id='word_1_175' title='bbox 355 2333 470 2383; x_wconf 85' lang='lat' dir='ltr'>Cramer.</span> <span class='ocrx_word' id='word_1_176' title='bbox 485 2334 550 2384; x_wconf 81' lang='lat' dir='ltr'>ibid.</span> <span class='ocrx_word' id='word_1_177' title='bbox 566 2336 603 2386; x_wconf 90' lang='lat' dir='ltr'>Ut</span> <span class='ocrx_word' id='word_1_178' title='bbox 615 2336 765 2400; x_wconf 87' lang='lat' dir='ltr'>praecedens</span> <span class='ocrx_word' id='word_1_179' title='bbox 777 2337 873 2400; x_wconf 67' lang='lat' dir='ltr'>epigr„</span> <span class='ocrx_word' id='word_1_180' title='bbox 888 2337 921 2386; x_wconf 86' lang='lat' dir='ltr'>ad</span> <span class='ocrx_word' id='word_1_181' title='bbox 934 2336 992 2387; x_wconf 87' lang='lat' dir='ltr'>Divi</span> 
     </span>
     <span class='ocr_line' id='line_1_26' title="bbox 230 2399 990 2516; baseline 0.007 -69"><span class='ocrx_word' id='word_1_182' title='bbox 230 2399 406 2516; x_wconf 53' lang='grc' dir='ltr'>ἓιχορὶριρχοοιίε</span> <span class='ocrx_word' id='word_1_183' title='bbox 424 2410 502 2466; x_wconf 89' lang='lat' dir='ltr'>caput</span> <span class='ocrx_word' id='word_1_184' title='bbox 516 2401 637 2466; x_wconf 81' lang='lat' dir='ltr'>pertinet.</span> <span class='ocrx_word' id='word_1_185' title='bbox 655 2400 716 2452; x_wconf 88' lang='lat' dir='ltr'>Vid.</span> <span class='ocrx_word' id='word_1_186' title='bbox 736 2411 762 2451; x_wconf 86' lang='lat' dir='ltr'>ei</span> <span class='ocrx_word' id='word_1_187' title='bbox 780 2417 836 2468; x_wconf 83' lang='lat' dir='ltr'>seq.</span> <span class='ocrx_word' id='word_1_188' title='bbox 859 2402 990 2468; x_wconf 86' lang='lat' dir='ltr'>epigram·</span> 
     </span>
    </p>
   </div>
   <div class='ocr_carea' id='block_1_8' title="bbox 263 2595 990 2664">
    <p class='ocr_par' dir='ltr' id='par_1_8' title="bbox 263 2595 990 2664">
     <span class='ocr_line' id='line_1_27' title="bbox 263 2595 990 2664; baseline 0.007 -19"><span class='ocrx_word' id='word_1_189' title='bbox 263 2597 352 2646; x_wconf 86' lang='lat' dir='ltr'>CDVI.</span> <span class='ocrx_word' id='word_1_190' title='bbox 369 2597 485 2647; x_wconf 86' lang='lat' dir='ltr'>Cramer.</span> <span class='ocrx_word' id='word_1_191' title='bbox 499 2595 563 2648; x_wconf 82' lang='lat' dir='ltr'>ibid.</span> <span class='ocrx_word' id='word_1_192' title='bbox 574 2599 609 2648; x_wconf 91' lang='lat' dir='ltr'>Ut</span> <span class='ocrx_word' id='word_1_193' title='bbox 620 2597 708 2662; x_wconf 89' lang='lat' dir='ltr'>priora</span> <span class='ocrx_word' id='word_1_194' title='bbox 721 2599 772 2648; x_wconf 89' lang='lat' dir='ltr'>tria</span> <span class='ocrx_word' id='word_1_195' title='bbox 784 2599 868 2664; x_wconf 81' lang='lat' dir='ltr'>epigr.</span> <span class='ocrx_word' id='word_1_196' title='bbox 883 2601 916 2650; x_wconf 88' lang='lat' dir='ltr'>ad</span> <span class='ocrx_word' id='word_1_197' title='bbox 932 2600 990 2650; x_wconf 89' lang='lat' dir='ltr'>Divi</span> 
     </span>
    </p>
   </div>
   <div class='ocr_carea' id='block_1_9' title="bbox 228 2662 988 2786">
    <p class='ocr_par' dir='ltr' id='par_1_9' title="bbox 228 2662 988 2786">
     <span class='ocr_line' id='line_1_28' title="bbox 228 2662 988 2778; baseline 0.005 -66"><span class='ocrx_word' id='word_1_198' title='bbox 228 2662 988 2778; x_wconf 42' lang='lat' dir='ltr'>ffognrgispraecursoriscaputpertinet.Ci..loann.Erang.</span> 
     </span>
     <span class='ocr_line' id='line_1_29' title="bbox 243 2765 329 2786; baseline 0 -9"><span class='ocrx_word' id='word_1_199' title='bbox 243 2765 250 2786; x_wconf 90' lang='lat'><em>,</em></span> <span class='ocrx_word' id='word_1_200' title='bbox 284 2766 290 2786; x_wconf 90' lang='lat'>‚</span> <span class='ocrx_word' id='word_1_201' title='bbox 323 2765 329 2777; x_wconf 92' lang='lat'>.</span> 
     </span>
    </p>
   </div>
   <div class='ocr_carea' id='block_1_10' title="bbox 220 2859 988 3848">
    <p class='ocr_par' dir='ltr' id='par_1_10' title="bbox 220 2859 988 3848">
     <span class='ocr_line' id='line_1_30' title="bbox 262 2859 988 2928; baseline 0.007 -19"><span class='ocrx_word' id='word_1_202' title='bbox 262 2859 362 2910; x_wconf 84' lang='lat' dir='ltr'>cuvii.</span> <span class='ocrx_word' id='word_1_203' title='bbox 379 2859 534 2910; x_wconf 84' lang='lat' dir='ltr'>Boissonad.</span> <span class='ocrx_word' id='word_1_204' title='bbox 547 2861 643 2911; x_wconf 77' lang='lat' dir='ltr'>Anecd.</span> <span class='ocrx_word' id='word_1_205' title='bbox 657 2877 701 2927; x_wconf 76' lang='lat' dir='ltr'>qr.</span> <span class='ocrx_word' id='word_1_206' title='bbox 722 2871 741 2912; x_wconf 92' lang='lat' dir='ltr'>t.</span> <span class='ocrx_word' id='word_1_207' title='bbox 757 2863 789 2914; x_wconf 89' lang='lat' dir='ltr'>ll.</span> <span class='ocrx_word' id='word_1_208' title='bbox 805 2879 832 2928; x_wconf 94' lang='lat' dir='ltr'>p.</span> <span class='ocrx_word' id='word_1_209' title='bbox 852 2867 908 2914; x_wconf 85' lang='grc'><strong>175.</strong></span> <span class='ocrx_word' id='word_1_210' title='bbox 926 2865 988 2914; x_wconf 91' lang='lat' dir='ltr'>Cra-</span> 
     </span>
     <span class='ocr_line' id='line_1_31' title="bbox 228 2925 988 2994; baseline 0.008 -20"><span class='ocrx_word' id='word_1_211' title='bbox 228 2941 292 2975; x_wconf 89' lang='lat' dir='ltr'>mer.</span> <span class='ocrx_word' id='word_1_212' title='bbox 309 2925 406 2976; x_wconf 76' lang='lat' dir='ltr'>Aiiecd.</span> <span class='ocrx_word' id='word_1_213' title='bbox 420 2943 461 2991; x_wconf 77' lang='lat' dir='ltr'>pr.</span> <span class='ocrx_word' id='word_1_214' title='bbox 478 2927 541 2976; x_wconf 81' lang='lat' dir='ltr'>Par.</span> <span class='ocrx_word' id='word_1_215' title='bbox 555 2934 574 2976; x_wconf 94' lang='lat' dir='ltr'>t.</span> <span class='ocrx_word' id='word_1_216' title='bbox 590 2928 633 2985; x_wconf 88' lang='lat' dir='ltr'>iv,</span> <span class='ocrx_word' id='word_1_217' title='bbox 655 2943 680 2992; x_wconf 87' lang='lat' dir='ltr'>p.</span> <span class='ocrx_word' id='word_1_218' title='bbox 702 2929 758 2977; x_wconf 89' lang='grc'><strong>333.</strong></span> <span class='ocrx_word' id='word_1_219' title='bbox 779 2930 825 2980; x_wconf 85' lang='lat' dir='ltr'>Vs.</span> <span class='ocrx_word' id='word_1_220' title='bbox 845 2932 869 2978; x_wconf 94' lang='grc'><strong>1.</strong></span> <span class='ocrx_word' id='word_1_221' title='bbox 887 2926 988 2994; x_wconf 89' lang='grc' dir='ltr'>όιρχαῑον</span> 
     </span>
     <span class='ocr_line' id='line_1_32' title="bbox 228 2991 986 3060; baseline 0.008 -20"><span class='ocrx_word' id='word_1_222' title='bbox 228 3007 275 3055; x_wconf 90' lang='lat' dir='ltr'>pro</span> <span class='ocrx_word' id='word_1_223' title='bbox 290 2991 463 3056; x_wconf 84' lang='grc' dir='ltr'>ἀρχαιότατον,</span> <span class='ocrx_word' id='word_1_224' title='bbox 474 2999 504 3041; x_wconf 93' lang='lat' dir='ltr'>ut</span> <span class='ocrx_word' id='word_1_225' title='bbox 515 3007 583 3042; x_wconf 81' lang='lat' dir='ltr'>vers.</span> <span class='ocrx_word' id='word_1_226' title='bbox 600 3008 655 3058; x_wconf 89' lang='lat' dir='ltr'>seq.</span> <span class='ocrx_word' id='word_1_227' title='bbox 670 2995 738 3058; x_wconf 79' lang='grc' dir='ltr'>χάρις</span> <span class='ocrx_word' id='word_1_228' title='bbox 752 3011 798 3058; x_wconf 89' lang='lat' dir='ltr'>pro</span> <span class='ocrx_word' id='word_1_229' title='bbox 814 2996 915 3059; x_wconf 77' lang='grc' dir='ltr'><strong>μεγίστη</strong></span> <span class='ocrx_word' id='word_1_230' title='bbox 929 2995 986 3060; x_wconf 84' lang='grc' dir='ltr'>χάρ.</span> 
     </span>
     <span class='ocr_line' id='line_1_33' title="bbox 220 3057 987 3128; baseline 0.008 -23"><span class='ocrx_word' id='word_1_231' title='bbox 220 3057 282 3128; x_wconf 63' lang='lat' dir='ltr'>gire</span> <span class='ocrx_word' id='word_1_232' title='bbox 299 3060 468 3122; x_wconf 81' lang='grc' dir='ltr'>χαριέστατον.</span> <span class='ocrx_word' id='word_1_233' title='bbox 488 3083 521 3094; x_wconf 93' lang='grc'>-</span> <span class='ocrx_word' id='word_1_234' title='bbox 542 3079 554 3103; x_wconf 81' lang='grc' dir='ltr'>ν</span> <span class='ocrx_word' id='word_1_235' title='bbox 574 3059 765 3109; x_wconf 87' lang='lat' dir='ltr'>Adumbratum</span> <span class='ocrx_word' id='word_1_236' title='bbox 784 3062 833 3110; x_wconf 93' lang='lat' dir='ltr'>hoc</span> <span class='ocrx_word' id='word_1_237' title='bbox 853 3061 936 3125; x_wconf 84' lang='lat' dir='ltr'>epigr.</span> <span class='ocrx_word' id='word_1_238' title='bbox 957 3077 987 3110; x_wconf 81' lang='lat' dir='ltr'>ex</span> 
     </span>
     <span class='ocr_line' id='line_1_34' title="bbox 227 3122 988 3187; baseline 0.007 -16"><span class='ocrx_word' id='word_1_239' title='bbox 227 3123 362 3186; x_wconf 86' lang='lat' dir='ltr'>responsis</span> <span class='ocrx_word' id='word_1_240' title='bbox 376 3122 530 3186; x_wconf 86' lang='lat' dir='ltr'>AEthiopum</span> <span class='ocrx_word' id='word_1_241' title='bbox 547 3123 617 3187; x_wconf 82' lang='lat' dir='ltr'>regis</span> <span class='ocrx_word' id='word_1_242' title='bbox 633 3133 659 3174; x_wconf 90' lang='lat' dir='ltr'>et</span> <span class='ocrx_word' id='word_1_243' title='bbox 673 3126 790 3176; x_wconf 81' lang='lat' dir='ltr'>Thaletis</span> <span class='ocrx_word' id='word_1_244' title='bbox 809 3127 835 3175; x_wconf 94' lang='lat' dir='ltr'>in</span> <span class='ocrx_word' id='word_1_245' title='bbox 852 3127 988 3177; x_wconf 87' lang='lat' dir='ltr'>Plutarchi</span> 
     </span>
     <span class='ocr_line' id='line_1_35' title="bbox 229 3189 986 3257; baseline 0.005 -19"><span class='ocrx_word' id='word_1_246' title='bbox 229 3189 361 3250; x_wconf 83' lang='lat' dir='ltr'>Convivia,</span> <span class='ocrx_word' id='word_1_247' title='bbox 380 3191 430 3238; x_wconf 86' lang='grc'><strong>8-9.</strong></span> <span class='ocrx_word' id='word_1_248' title='bbox 448 3209 460 3233; x_wconf 80' lang='grc' dir='ltr'>ν</span> <span class='ocrx_word' id='word_1_249' title='bbox 476 3189 553 3240; x_wconf 71' lang='lat' dir='ltr'>itote.</span> <span class='ocrx_word' id='word_1_250' title='bbox 576 3191 716 3240; x_wconf 84' lang='grc' dir='ltr'>Ἐκὲλευσεν</span> <span class='ocrx_word' id='word_1_251' title='bbox 736 3193 760 3254; x_wconf 87' lang='grc' dir='ltr'>(ό</span> <span class='ocrx_word' id='word_1_252' title='bbox 781 3193 898 3257; x_wconf 63' lang='grc' dir='ltr'>Ἄμασις)</span> <span class='ocrx_word' id='word_1_253' title='bbox 913 3193 986 3242; x_wconf 79' lang='grc' dir='ltr'>αὐτόν</span> 
     </span>
     <span class='ocr_line' id='line_1_36' title="bbox 226 3255 985 3320; baseline 0.005 -18"><span class='ocrx_word' id='word_1_254' title='bbox 226 3255 279 3318; x_wconf 83' lang='grc' dir='ltr'>(τόν</span> <span class='ocrx_word' id='word_1_255' title='bbox 292 3255 406 3318; x_wconf 76' lang='grc' dir='ltr'>Αἰθίοπα)</span> <span class='ocrx_word' id='word_1_256' title='bbox 421 3256 494 3304; x_wconf 80' lang='grc' dir='ltr'>εἰπεῖν</span> <span class='ocrx_word' id='word_1_257' title='bbox 509 3255 538 3304; x_wconf 85' lang='grc' dir='ltr'>τό</span> <span class='ocrx_word' id='word_1_258' title='bbox 550 3257 729 3320; x_wconf 79' lang='grc' dir='ltr'>πρεσόύτατον,</span> <span class='ocrx_word' id='word_1_259' title='bbox 745 3259 828 3308; x_wconf 88' lang='grc' dir='ltr'>καὶτὸ</span> <span class='ocrx_word' id='word_1_260' title='bbox 843 3257 985 3320; x_wconf 79' lang='grc' dir='ltr'>κάλλιστον,</span> 
     </span>
     <span class='ocr_line' id='line_1_37' title="bbox 226 3321 985 3388; baseline 0.008 -20"><span class='ocrx_word' id='word_1_261' title='bbox 226 3321 315 3368; x_wconf 83' lang='grc' dir='ltr'>καὶτὸ</span> <span class='ocrx_word' id='word_1_262' title='bbox 339 3323 453 3384; x_wconf 83' lang='grc' dir='ltr'>με’γιστον</span> <span class='ocrx_word' id='word_1_263' title='bbox 477 3324 550 3371; x_wconf 88' lang='grc' dir='ltr'>κτλ...</span> <span class='ocrx_word' id='word_1_264' title='bbox 579 3323 768 3386; x_wconf 83' lang='grc' dir='ltr'>Ἀναγνώσομαι</span> <span class='ocrx_word' id='word_1_265' title='bbox 784 3324 809 3372; x_wconf 76' lang='grc' dir='ltr'>δὲ</span> <span class='ocrx_word' id='word_1_266' title='bbox 828 3325 884 3388; x_wconf 83' lang='grc' dir='ltr'>ὑμῖν</span> <span class='ocrx_word' id='word_1_267' title='bbox 903 3325 985 3388; x_wconf 82' lang='grc' dir='ltr'>ὥσπερ</span> 
     </span>
     <span class='ocr_line' id='line_1_38' title="bbox 226 3387 985 3454; baseline 0.005 -20"><span class='ocrx_word' id='word_1_268' title='bbox 226 3387 383 3450; x_wconf 84' lang='grc' dir='ltr'>ἀπεκρίνατο·</span> <span class='ocrx_word' id='word_1_269' title='bbox 410 3388 432 3437; x_wconf 89' lang='grc' dir='ltr'>τί</span> <span class='ocrx_word' id='word_1_270' title='bbox 458 3389 643 3451; x_wconf 76' lang='grc' dir='ltr'>πρεσόύτατονς</span> <span class='ocrx_word' id='word_1_271' title='bbox 672 3389 769 3454; x_wconf 82' lang='grc' dir='ltr'>χρόνος·</span> <span class='ocrx_word' id='word_1_272' title='bbox 800 3392 823 3438; x_wconf 88' lang='grc' dir='ltr'>τί</span> <span class='ocrx_word' id='word_1_273' title='bbox 854 3393 985 3452; x_wconf 83' lang='grc' dir='ltr'>μέγιστον;</span> 
     </span>
     <span class='ocr_line' id='line_1_39' title="bbox 225 3449 986 3518; baseline 0.009 -19"><span class='ocrx_word' id='word_1_274' title='bbox 225 3453 328 3516; x_wconf 84' lang='grc' dir='ltr'>κόσμος·</span> <span class='ocrx_word' id='word_1_275' title='bbox 342 3455 365 3502; x_wconf 90' lang='grc' dir='ltr'>τί</span> <span class='ocrx_word' id='word_1_276' title='bbox 379 3453 524 3516; x_wconf 84' lang='grc' dir='ltr'>σοφώτατον</span> <span class='ocrx_word' id='word_1_277' title='bbox 533 3467 540 3514; x_wconf 76' lang='grc' dir='ltr'>ς</span> <span class='ocrx_word' id='word_1_278' title='bbox 556 3449 663 3511; x_wconf 75' lang='grc' dir='ltr'>ἀλήθεια·</span> <span class='ocrx_word' id='word_1_279' title='bbox 684 3457 707 3503; x_wconf 87' lang='grc' dir='ltr'>τί</span> <span class='ocrx_word' id='word_1_280' title='bbox 725 3455 868 3516; x_wconf 80' lang='grc' dir='ltr'>κάλλιστονς</span> <span class='ocrx_word' id='word_1_281' title='bbox 889 3457 947 3518; x_wconf 84' lang='grc' dir='ltr'>φῶς·</span> <span class='ocrx_word' id='word_1_282' title='bbox 963 3457 986 3506; x_wconf 93' lang='grc' dir='ltr'>τί</span> 
     </span>
     <span class='ocr_line' id='line_1_40' title="bbox 227 3517 985 3582; baseline 0.007 -16"><span class='ocrx_word' id='word_1_283' title='bbox 227 3519 389 3579; x_wconf 88' lang='grc' dir='ltr'>κοινότατον;</span> <span class='ocrx_word' id='word_1_284' title='bbox 411 3517 523 3576; x_wconf 78' lang='grc' dir='ltr'>θάνατος·</span> <span class='ocrx_word' id='word_1_285' title='bbox 549 3521 571 3568; x_wconf 85' lang='grc' dir='ltr'>τί</span> <span class='ocrx_word' id='word_1_286' title='bbox 588 3521 777 3582; x_wconf 87' lang='grc' dir='ltr'>ὠφελιμώτατον</span> <span class='ocrx_word' id='word_1_287' title='bbox 790 3537 797 3581; x_wconf 82' lang='grc' dir='ltr'>ς</span> <span class='ocrx_word' id='word_1_288' title='bbox 812 3522 866 3576; x_wconf 89' lang='grc' dir='ltr'>6εὸς</span> <span class='ocrx_word' id='word_1_289' title='bbox 888 3523 985 3572; x_wconf 83' lang='grc' dir='ltr'>κιλ.....</span> 
     </span>
     <span class='ocr_line' id='line_1_41' title="bbox 225 3581 984 3652; baseline 0.003 -18"><span class='ocrx_word' id='word_1_290' title='bbox 225 3581 302 3646; x_wconf 60' lang='lat' dir='ltr'>itaqu</span> <span class='ocrx_word' id='word_1_291' title='bbox 314 3584 356 3635; x_wconf 78' lang='grc' dir='ltr'>νῦν</span> <span class='ocrx_word' id='word_1_292' title='bbox 370 3585 518 3648; x_wconf 67' lang='grc' dir='ltr'>διηγήσομαι</span> <span class='ocrx_word' id='word_1_293' title='bbox 531 3587 574 3641; x_wconf 86' lang='grc' dir='ltr'>τὰς</span> <span class='ocrx_word' id='word_1_294' title='bbox 583 3582 722 3649; x_wconf 73' lang='grc' dir='ltr'>ἀποκρίσεις</span> <span class='ocrx_word' id='word_1_295' title='bbox 736 3587 777 3635; x_wconf 85' lang='grc' dir='ltr'>καὶ</span> <span class='ocrx_word' id='word_1_296' title='bbox 791 3588 833 3642; x_wconf 87' lang='grc' dir='ltr'>τὰς</span> <span class='ocrx_word' id='word_1_297' title='bbox 845 3588 984 3652; x_wconf 78' lang='grc' dir='ltr'>ἐρωτήσεις.</span> 
     </span>
     <span class='ocr_line' id='line_1_42' title="bbox 224 3647 985 3719; baseline 0.007 -22"><span class='ocrx_word' id='word_1_298' title='bbox 224 3651 247 3698; x_wconf 91' lang='grc' dir='ltr'>τί</span> <span class='ocrx_word' id='word_1_299' title='bbox 261 3651 448 3715; x_wconf 77' lang='grc' dir='ltr'>πρεσόιίτατονς</span> <span class='ocrx_word' id='word_1_300' title='bbox 466 3652 528 3708; x_wconf 77' lang='grc' dir='ltr'>θεός,</span> <span class='ocrx_word' id='word_1_301' title='bbox 544 3652 588 3714; x_wconf 75' lang='grc' dir='ltr'>ἔφη</span> <span class='ocrx_word' id='word_1_302' title='bbox 604 3653 691 3710; x_wconf 68' lang='lat' dir='ltr'>aaliz.</span> <span class='ocrx_word' id='word_1_303' title='bbox 710 3647 840 3715; x_wconf 76' lang='grc' dir='ltr'>ἀγέννητον</span> <span class='ocrx_word' id='word_1_304' title='bbox 855 3652 902 3719; x_wconf 81' lang='grc' dir='ltr'>γάρ</span> <span class='ocrx_word' id='word_1_305' title='bbox 923 3655 985 3702; x_wconf 83' lang='grc' dir='ltr'>ἐστι·</span> 
     </span>
     <span class='ocr_line' id='line_1_43' title="bbox 225 3715 986 3783; baseline 0.005 -19"><span class='ocrx_word' id='word_1_306' title='bbox 225 3716 251 3764; x_wconf 87' lang='grc' dir='ltr'>τί</span> <span class='ocrx_word' id='word_1_307' title='bbox 264 3719 392 3778; x_wconf 85' lang='grc' dir='ltr'>μέγιστον;</span> <span class='ocrx_word' id='word_1_308' title='bbox 412 3717 494 3771; x_wconf 87' lang='grc' dir='ltr'>τόπος·</span> <span class='ocrx_word' id='word_1_309' title='bbox 514 3715 588 3766; x_wconf 74' lang='grc' dir='ltr'>τᾶλλα</span> <span class='ocrx_word' id='word_1_310' title='bbox 612 3718 719 3783; x_wconf 83' lang='grc' dir='ltr'>μὲνγὰρ</span> <span class='ocrx_word' id='word_1_311' title='bbox 743 3720 756 3768; x_wconf 90' lang='grc' dir='ltr'>ό</span> <span class='ocrx_word' id='word_1_312' title='bbox 779 3719 882 3781; x_wconf 89' lang='grc' dir='ltr'>κόσμος,</span> <span class='ocrx_word' id='word_1_313' title='bbox 901 3719 943 3768; x_wconf 85' lang='grc' dir='ltr'>τόν</span> <span class='ocrx_word' id='word_1_314' title='bbox 960 3719 986 3768; x_wconf 78' lang='lat' dir='ltr'>ii</span> 
     </span>
     <span class='ocr_line' id='line_1_44' title="bbox 224 3774 953 3848; baseline 0.01 -18"><span class='ocrx_word' id='word_1_315' title='bbox 224 3783 319 3846; x_wconf 89' lang='grc' dir='ltr'>κόσμον</span> <span class='ocrx_word' id='word_1_316' title='bbox 333 3774 405 3836; x_wconf 84' lang='grc' dir='ltr'>οὗτος</span> <span class='ocrx_word' id='word_1_317' title='bbox 418 3783 531 3847; x_wconf 79' lang='grc' dir='ltr'>περιέχει·</span> <span class='ocrx_word' id='word_1_318' title='bbox 548 3784 570 3834; x_wconf 91' lang='grc' dir='ltr'>τί</span> <span class='ocrx_word' id='word_1_319' title='bbox 584 3783 726 3845; x_wconf 73' lang='grc' dir='ltr'>κάλλιστονς</span> <span class='ocrx_word' id='word_1_320' title='bbox 737 3783 840 3848; x_wconf 86' lang='grc' dir='ltr'>κόσμος·</span> <span class='ocrx_word' id='word_1_321' title='bbox 853 3803 878 3834; x_wconf 87' lang='grc' dir='ltr'>κ.</span> <span class='ocrx_word' id='word_1_322' title='bbox 894 3802 917 3836; x_wconf 91' lang='grc' dir='ltr'>τ.</span> <span class='ocrx_word' id='word_1_323' title='bbox 930 3788 953 3837; x_wconf 91' lang='grc' dir='ltr'>λ.</span> 
     </span>
    </p>
   </div>
   <div class='ocr_carea' id='block_1_11' title="bbox 220 3913 988 5297">
    <p class='ocr_par' dir='ltr' id='par_1_11' title="bbox 220 3913 988 5297">
     <span class='ocr_line' id='line_1_45' title="bbox 258 3913 987 3980; baseline 0.004 -18"><span class='ocrx_word' id='word_1_324' title='bbox 258 3914 399 3964; x_wconf 71' lang='lat' dir='ltr'>ccviii«</span> <span class='ocrx_word' id='word_1_325' title='bbox 419 3913 564 3979; x_wconf 76' lang='lat' dir='ltr'>Weildiirgi&#39;</span> <span class='ocrx_word' id='word_1_326' title='bbox 575 3914 603 3965; x_wconf 90' lang='lat' dir='ltr'>in</span> <span class='ocrx_word' id='word_1_327' title='bbox 621 3930 685 3980; x_wconf 87' lang='lat' dir='ltr'>gaza</span> <span class='ocrx_word' id='word_1_328' title='bbox 704 3915 778 3966; x_wconf 90' lang='lat' dir='ltr'>ducis</span> <span class='ocrx_word' id='word_1_329' title='bbox 791 3914 987 3978; x_wconf 84' lang='lat' dir='ltr'>Nassorienais,</span> 
     </span>
     <span class='ocr_line' id='line_1_46' title="bbox 224 3978 987 4046; baseline 0.005 -18"><span class='ocrx_word' id='word_1_330' title='bbox 224 3978 251 4028; x_wconf 91' lang='lat' dir='ltr'>in</span> <span class='ocrx_word' id='word_1_331' title='bbox 275 3979 455 4044; x_wconf 87' lang='lat' dir='ltr'>lipsanotheca</span> <span class='ocrx_word' id='word_1_332' title='bbox 482 3983 618 4045; x_wconf 87' lang='lat' dir='ltr'>perampla</span> <span class='ocrx_word' id='word_1_333' title='bbox 641 3997 719 4046; x_wconf 89' lang='lat' dir='ltr'>opere</span> <span class='ocrx_word' id='word_1_334' title='bbox 743 3989 836 4032; x_wconf 90' lang='lat' dir='ltr'>ornata</span> <span class='ocrx_word' id='word_1_335' title='bbox 853 3982 987 4033; x_wconf 89' lang='lat' dir='ltr'>tessellato</span> 
     </span>
     <span class='ocr_line' id='line_1_47' title="bbox 227 4045 988 4112; baseline 0.004 -18"><span class='ocrx_word' id='word_1_336' title='bbox 227 4061 304 4110; x_wconf 87' lang='lat' dir='ltr'>quani</span> <span class='ocrx_word' id='word_1_337' title='bbox 319 4060 381 4096; x_wconf 91' lang='lat' dir='ltr'>ann.</span> <span class='ocrx_word' id='word_1_338' title='bbox 399 4049 462 4096; x_wconf 82' lang='grc'><strong>1266</strong></span> <span class='ocrx_word' id='word_1_339' title='bbox 478 4045 702 4110; x_wconf 79' lang='lat' dir='ltr'>Constantinopoli</span> <span class='ocrx_word' id='word_1_340' title='bbox 723 4046 751 4097; x_wconf 94' lang='lat' dir='ltr'>in</span> <span class='ocrx_word' id='word_1_341' title='bbox 770 4047 882 4112; x_wconf 89' lang='lat' dir='ltr'>patriam</span> <span class='ocrx_word' id='word_1_342' title='bbox 900 4048 988 4098; x_wconf 89' lang='lat' dir='ltr'>attulit</span> 
     </span>
     <span class='ocr_line' id='line_1_48' title="bbox 223 4110 988 4177; baseline 0.001 -15"><span class='ocrx_word' id='word_1_343' title='bbox 223 4110 352 4162; x_wconf 90' lang='lat' dir='ltr'>Henricus</span> <span class='ocrx_word' id='word_1_344' title='bbox 366 4113 398 4162; x_wconf 88' lang='lat' dir='ltr'>de</span> <span class='ocrx_word' id='word_1_345' title='bbox 417 4113 536 4172; x_wconf 73' lang='lat' dir='ltr'>Uibieni,</span> <span class='ocrx_word' id='word_1_346' title='bbox 552 4128 630 4177; x_wconf 87' lang='lat' dir='ltr'>eques</span> <span class='ocrx_word' id='word_1_347' title='bbox 645 4112 816 4172; x_wconf 82' lang='lat' dir='ltr'>Trevirensis‚</span> <span class='ocrx_word' id='word_1_348' title='bbox 831 4113 873 4163; x_wconf 89' lang='lat' dir='ltr'>cui</span> <span class='ocrx_word' id='word_1_349' title='bbox 887 4113 988 4164; x_wconf 90' lang='lat' dir='ltr'>inclusa</span> 
     </span>
     <span class='ocr_line' id='line_1_49' title="bbox 223 4177 987 4244; baseline 0.005 -18"><span class='ocrx_word' id='word_1_350' title='bbox 223 4185 364 4241; x_wconf 84' lang='lat' dir='ltr'>estprsater</span> <span class='ocrx_word' id='word_1_351' title='bbox 372 4178 461 4227; x_wconf 90' lang='lat' dir='ltr'>decern</span> <span class='ocrx_word' id='word_1_352' title='bbox 469 4177 638 4242; x_wconf 88' lang='lat' dir='ltr'>reliquiarum</span> <span class='ocrx_word' id='word_1_353' title='bbox 648 4178 754 4228; x_wconf 90' lang='lat' dir='ltr'>cistulas</span> <span class='ocrx_word' id='word_1_354' title='bbox 764 4195 824 4228; x_wconf 90' lang='lat' dir='ltr'>crux</span> <span class='ocrx_word' id='word_1_355' title='bbox 834 4195 915 4244; x_wconf 81' lang='lat' dir='ltr'>parva</span> <span class='ocrx_word' id='word_1_356' title='bbox 924 4193 987 4230; x_wconf 89' lang='lat' dir='ltr'>auro</span> 
     </span>
     <span class='ocr_line' id='line_1_50' title="bbox 224 4241 987 4308; baseline 0.003 -16"><span class='ocrx_word' id='word_1_357' title='bbox 224 4244 338 4294; x_wconf 89' lang='lat' dir='ltr'>inducta.</span> <span class='ocrx_word' id='word_1_358' title='bbox 354 4265 366 4288; x_wconf 85' lang='grc' dir='ltr'>ν</span> <span class='ocrx_word' id='word_1_359' title='bbox 385 4241 572 4308; x_wconf 87' lang='lat' dir='ltr'>Inscriptiones</span> <span class='ocrx_word' id='word_1_360' title='bbox 586 4260 675 4293; x_wconf 90' lang='lat' dir='ltr'>omnes</span> <span class='ocrx_word' id='word_1_361' title='bbox 690 4260 748 4294; x_wconf 90' lang='lat' dir='ltr'>cuin</span> <span class='ocrx_word' id='word_1_362' title='bbox 767 4247 852 4294; x_wconf 86' lang='lat' dir='ltr'>soluta</span> <span class='ocrx_word' id='word_1_363' title='bbox 870 4245 987 4295; x_wconf 86' lang='lat' dir='ltr'>oratione</span> 
     </span>
     <span class='ocr_line' id='line_1_51' title="bbox 223 4309 986 4379; baseline 0.003 -21"><span class='ocrx_word' id='word_1_364' title='bbox 223 4321 276 4358; x_wconf 89' lang='lat' dir='ltr'>ium</span> <span class='ocrx_word' id='word_1_365' title='bbox 292 4311 410 4359; x_wconf 86' lang='lat' dir='ltr'>versibus</span> <span class='ocrx_word' id='word_1_366' title='bbox 424 4311 627 4379; x_wconf 87' lang='lat' dir='ltr'>comprehensas</span> <span class='ocrx_word' id='word_1_367' title='bbox 646 4309 726 4360; x_wconf 86' lang='lat' dir='ltr'>edidit</span> <span class='ocrx_word' id='word_1_368' title='bbox 745 4310 891 4360; x_wconf 83' lang='lat' dir='ltr'>Kirchhoff.</span> <span class='ocrx_word' id='word_1_369' title='bbox 909 4312 986 4376; x_wconf 83' lang='lat' dir='ltr'>Corp.</span> 
     </span>
     <span class='ocr_line' id='line_1_52' title="bbox 223 4375 987 4440; baseline 0.005 -17"><span class='ocrx_word' id='word_1_370' title='bbox 223 4387 241 4426; x_wconf 92' lang='lat' dir='ltr'>i.</span> <span class='ocrx_word' id='word_1_371' title='bbox 258 4375 302 4432; x_wconf 82' lang='lat' dir='ltr'>iv,</span> <span class='ocrx_word' id='word_1_372' title='bbox 317 4392 343 4440; x_wconf 91' lang='lat' dir='ltr'>p.</span> <span class='ocrx_word' id='word_1_373' title='bbox 362 4377 409 4425; x_wconf 84' lang='grc'>321</span> <span class='ocrx_word' id='word_1_374' title='bbox 429 4391 486 4440; x_wconf 90' lang='lat' dir='ltr'>sqq.</span> <span class='ocrx_word' id='word_1_375' title='bbox 502 4391 529 4425; x_wconf 92' lang='lat' dir='ltr'>n.</span> <span class='ocrx_word' id='word_1_376' title='bbox 549 4377 621 4426; x_wconf 82' lang='grc'><strong>6695.</strong></span> <span class='ocrx_word' id='word_1_377' title='bbox 642 4397 655 4424; x_wconf 85' lang='grc' dir='ltr'>ν</span> <span class='ocrx_word' id='word_1_378' title='bbox 675 4375 797 4434; x_wconf 84' lang='lat' dir='ltr'>liasilius,</span> <span class='ocrx_word' id='word_1_379' title='bbox 816 4392 897 4440; x_wconf 89' lang='lat' dir='ltr'>aquo</span> <span class='ocrx_word' id='word_1_380' title='bbox 912 4377 987 4427; x_wconf 87' lang='lat' dir='ltr'>theca</span> 
     </span>
     <span class='ocr_line' id='line_1_53' title="bbox 222 4441 986 4506; baseline 0.003 -16"><span class='ocrx_word' id='word_1_381' title='bbox 222 4441 269 4490; x_wconf 88' lang='lat' dir='ltr'>illa</span> <span class='ocrx_word' id='word_1_382' title='bbox 291 4441 402 4505; x_wconf 88' lang='lat' dir='ltr'>amplior</span> <span class='ocrx_word' id='word_1_383' title='bbox 417 4457 475 4490; x_wconf 91' lang='lat' dir='ltr'>cum</span> <span class='ocrx_word' id='word_1_384' title='bbox 493 4442 654 4506; x_wconf 86' lang='lat' dir='ltr'>operimento</span> <span class='ocrx_word' id='word_1_385' title='bbox 667 4449 706 4491; x_wconf 91' lang='lat' dir='ltr'>est</span> <span class='ocrx_word' id='word_1_386' title='bbox 724 4443 859 4500; x_wconf 86' lang='lat' dir='ltr'>adornata,</span> <span class='ocrx_word' id='word_1_387' title='bbox 875 4443 986 4492; x_wconf 90' lang='lat' dir='ltr'>Romani</span> 
     </span>
     <span class='ocr_line' id='line_1_54' title="bbox 223 4507 986 4572; baseline 0.003 -16"><span class='ocrx_word' id='word_1_388' title='bbox 223 4507 352 4572; x_wconf 90' lang='lat' dir='ltr'>Lecapeni</span> <span class='ocrx_word' id='word_1_389' title='bbox 370 4508 438 4558; x_wconf 85' lang='lat' dir='ltr'>filius</span> <span class='ocrx_word' id='word_1_390' title='bbox 455 4507 503 4557; x_wconf 83' lang='lat' dir='ltr'>suit</span> <span class='ocrx_word' id='word_1_391' title='bbox 521 4509 624 4557; x_wconf 89' lang='lat' dir='ltr'>nothus.</span> <span class='ocrx_word' id='word_1_392' title='bbox 646 4508 671 4558; x_wconf 86' lang='lat' dir='ltr'>Is</span> <span class='ocrx_word' id='word_1_393' title='bbox 686 4523 764 4572; x_wconf 92' lang='lat' dir='ltr'>quum</span> <span class='ocrx_word' id='word_1_394' title='bbox 783 4523 798 4558; x_wconf 88' lang='lat' dir='ltr'>a</span> <span class='ocrx_word' id='word_1_395' title='bbox 818 4508 986 4558; x_wconf 86' lang='lat' dir='ltr'>Constantino</span> 
     </span>
     <span class='ocr_line' id='line_1_55' title="bbox 225 4573 985 4638; baseline 0.005 -18"><span class='ocrx_word' id='word_1_396' title='bbox 225 4573 460 4638; x_wconf 75' lang='lat' dir='ltr'>Porphyrogenim,</span> <span class='ocrx_word' id='word_1_397' title='bbox 493 4581 647 4638; x_wconf 86' lang='lat' dir='ltr'>recuperato</span> <span class='ocrx_word' id='word_1_398' title='bbox 673 4573 797 4638; x_wconf 84' lang='lat' dir='ltr'>imperio,</span> <span class='ocrx_word' id='word_1_399' title='bbox 829 4573 985 4638; x_wconf 82' lang='lat' dir='ltr'>dignitatum</span> 
     </span>
     <span class='ocr_line' id='line_1_56' title="bbox 222 4638 985 4704; baseline 0.003 -17"><span class='ocrx_word' id='word_1_400' title='bbox 222 4638 394 4702; x_wconf 89' lang='lat' dir='ltr'>complurium</span> <span class='ocrx_word' id='word_1_401' title='bbox 415 4639 557 4690; x_wconf 88' lang='lat' dir='ltr'>honoribus</span> <span class='ocrx_word' id='word_1_402' title='bbox 575 4647 645 4689; x_wconf 89' lang='lat' dir='ltr'>esset</span> <span class='ocrx_word' id='word_1_403' title='bbox 663 4647 779 4700; x_wconf 87' lang='lat' dir='ltr'>ornatus,</span> <span class='ocrx_word' id='word_1_404' title='bbox 801 4655 817 4688; x_wconf 82' lang='lat' dir='ltr'>a</span> <span class='ocrx_word' id='word_1_405' title='bbox 837 4639 985 4704; x_wconf 89' lang='lat' dir='ltr'>Nicephoro</span> 
     </span>
     <span class='ocr_line' id='line_1_57' title="bbox 222 4705 985 4772; baseline 0.004 -20"><span class='ocrx_word' id='word_1_406' title='bbox 222 4705 312 4753; x_wconf 81' lang='lat' dir='ltr'>Plione</span> <span class='ocrx_word' id='word_1_407' title='bbox 330 4705 460 4769; x_wconf 89' lang='grc'><strong>(963-969)</strong></span> <span class='ocrx_word' id='word_1_408' title='bbox 480 4705 599 4772; x_wconf 84' lang='grc' dir='ltr'>πρόεδρος</span> <span class='ocrx_word' id='word_1_409' title='bbox 624 4712 663 4754; x_wconf 90' lang='lat' dir='ltr'>est</span> <span class='ocrx_word' id='word_1_410' title='bbox 686 4705 778 4755; x_wconf 84' lang='lat' dir='ltr'>iactus.</span> <span class='ocrx_word' id='word_1_411' title='bbox 804 4705 875 4754; x_wconf 89' lang='lat' dir='ltr'>Idem</span> <span class='ocrx_word' id='word_1_412' title='bbox 899 4706 985 4770; x_wconf 85' lang='lat' dir='ltr'>gratia</span> 
     </span>
     <span class='ocr_line' id='line_1_58' title="bbox 222 4769 983 4836; baseline 0.005 -18"><span class='ocrx_word' id='word_1_413' title='bbox 222 4771 332 4818; x_wconf 89' lang='lat' dir='ltr'>multum</span> <span class='ocrx_word' id='word_1_414' title='bbox 346 4770 427 4820; x_wconf 87' lang='lat' dir='ltr'>valuit</span> <span class='ocrx_word' id='word_1_415' title='bbox 441 4771 520 4821; x_wconf 86' lang='lat' dir='ltr'>etiam</span> <span class='ocrx_word' id='word_1_416' title='bbox 534 4771 634 4822; x_wconf 78' lang='lat' dir='ltr'>loanne</span> <span class='ocrx_word' id='word_1_417' title='bbox 646 4769 757 4821; x_wconf 89' lang='lat' dir='ltr'>Zimisce</span> <span class='ocrx_word' id='word_1_418' title='bbox 772 4779 898 4836; x_wconf 83' lang='lat' dir='ltr'>regnante</span> <span class='ocrx_word' id='word_1_419' title='bbox 913 4773 983 4834; x_wconf 87' lang='grc'><strong>(976-</strong></span> 
     </span>
     <span class='ocr_line' id='line_1_59' title="bbox 223 4836 982 4902; baseline 0.004 -18"><span class='ocrx_word' id='word_1_420' title='bbox 223 4837 280 4900; x_wconf 88' lang='grc'><strong>676)</strong></span> <span class='ocrx_word' id='word_1_421' title='bbox 296 4844 437 4900; x_wconf 87' lang='lat' dir='ltr'>superstes.</span> <span class='ocrx_word' id='word_1_422' title='bbox 453 4839 543 4902; x_wconf 85' lang='lat' dir='ltr'>ltaque</span> <span class='ocrx_word' id='word_1_423' title='bbox 561 4838 642 4886; x_wconf 82' lang='lat' dir='ltr'>thecae</span> <span class='ocrx_word' id='word_1_424' title='bbox 657 4836 841 4900; x_wconf 88' lang='lat' dir='ltr'>inscriptiones</span> <span class='ocrx_word' id='word_1_425' title='bbox 855 4837 888 4887; x_wconf 89' lang='lat' dir='ltr'>ad</span> <span class='ocrx_word' id='word_1_426' title='bbox 900 4853 982 4888; x_wconf 87' lang='lat' dir='ltr'>annos</span> 
     </span>
     <span class='ocr_line' id='line_1_60' title="bbox 223 4903 981 4968; baseline 0.003 -18"><span class='ocrx_word' id='word_1_427' title='bbox 223 4903 329 4952; x_wconf 88' lang='grc'><strong>963-976</strong></span> <span class='ocrx_word' id='word_1_428' title='bbox 348 4903 500 4954; x_wconf 80' lang='lat' dir='ltr'>referendas</span> <span class='ocrx_word' id='word_1_429' title='bbox 520 4919 577 4954; x_wconf 87' lang='lat' dir='ltr'>esse</span> <span class='ocrx_word' id='word_1_430' title='bbox 595 4911 713 4968; x_wconf 86' lang='lat' dir='ltr'>apparet.</span> <span class='ocrx_word' id='word_1_431' title='bbox 734 4904 817 4952; x_wconf 90' lang='lat' dir='ltr'>Paulo</span> <span class='ocrx_word' id='word_1_432' title='bbox 840 4903 981 4966; x_wconf 84' lang='lat' dir='ltr'>antiquior,</span> 
     </span>
     <span class='ocr_line' id='line_1_61' title="bbox 222 4966 980 5034; baseline 0.001 -17"><span class='ocrx_word' id='word_1_433' title='bbox 222 4966 267 5031; x_wconf 90' lang='lat' dir='ltr'>qui</span> <span class='ocrx_word' id='word_1_434' title='bbox 282 4967 352 5017; x_wconf 90' lang='lat' dir='ltr'>eruci</span> <span class='ocrx_word' id='word_1_435' title='bbox 365 4967 507 5034; x_wconf 82' lang='lat' dir='ltr'>inscriptus</span> <span class='ocrx_word' id='word_1_436' title='bbox 521 4969 618 5034; x_wconf 89' lang='lat' dir='ltr'>legitur</span> <span class='ocrx_word' id='word_1_437' title='bbox 631 4969 735 5030; x_wconf 81' lang='lat' dir='ltr'>titulus3</span> <span class='ocrx_word' id='word_1_438' title='bbox 751 4968 794 5034; x_wconf 91' lang='lat' dir='ltr'>qui</span> <span class='ocrx_word' id='word_1_439' title='bbox 804 4985 861 5018; x_wconf 87' lang='lat' dir='ltr'>cum</span> <span class='ocrx_word' id='word_1_440' title='bbox 873 4985 888 5018; x_wconf 90' lang='lat' dir='ltr'>a</span> <span class='ocrx_word' id='word_1_441' title='bbox 901 4971 980 5020; x_wconf 88' lang='lat' dir='ltr'>Cons-</span> 
     </span>
     <span class='ocr_line' id='line_1_62' title="bbox 222 5032 980 5095; baseline 0.005 -15"><span class='ocrx_word' id='word_1_442' title='bbox 222 5032 323 5083; x_wconf 81' lang='lat' dir='ltr'>tantino</span> <span class='ocrx_word' id='word_1_443' title='bbox 338 5036 489 5084; x_wconf 86' lang='lat' dir='ltr'>etRomano</span> <span class='ocrx_word' id='word_1_444' title='bbox 502 5051 560 5084; x_wconf 88' lang='lat' dir='ltr'>eam</span> <span class='ocrx_word' id='word_1_445' title='bbox 572 5036 725 5085; x_wconf 88' lang='lat' dir='ltr'>adornatam</span> <span class='ocrx_word' id='word_1_446' title='bbox 738 5051 796 5085; x_wconf 88' lang='lat' dir='ltr'>esse</span> <span class='ocrx_word' id='word_1_447' title='bbox 811 5043 927 5095; x_wconf 83' lang='lat' dir='ltr'>testetur,</span> <span class='ocrx_word' id='word_1_448' title='bbox 941 5035 980 5084; x_wconf 89' lang='lat' dir='ltr'>in·</span> 
     </span>
     <span class='ocr_line' id='line_1_63' title="bbox 221 5097 980 5166; baseline 0.004 -19"><span class='ocrx_word' id='word_1_449' title='bbox 221 5097 356 5162; x_wconf 85' lang='lat' dir='ltr'>telligendi</span> <span class='ocrx_word' id='word_1_450' title='bbox 368 5101 517 5150; x_wconf 88' lang='lat' dir='ltr'>necessario</span> <span class='ocrx_word' id='word_1_451' title='bbox 533 5109 593 5150; x_wconf 91' lang='lat' dir='ltr'>sunt</span> <span class='ocrx_word' id='word_1_452' title='bbox 607 5101 791 5150; x_wconf 88' lang='lat' dir='ltr'>Constantinus</span> <span class='ocrx_word' id='word_1_453' title='bbox 804 5102 850 5151; x_wconf 93' lang='lat' dir='ltr'>Vll</span> <span class='ocrx_word' id='word_1_454' title='bbox 864 5101 980 5166; x_wconf 79' lang='lat' dir='ltr'>Porphy-</span> 
     </span>
     <span class='ocr_line' id='line_1_64' title="bbox 221 5164 979 5232; baseline 0.003 -18"><span class='ocrx_word' id='word_1_455' title='bbox 221 5164 356 5228; x_wconf 84' lang='lat' dir='ltr'>rogenitus</span> <span class='ocrx_word' id='word_1_456' title='bbox 367 5173 392 5214; x_wconf 92' lang='lat' dir='ltr'>et</span> <span class='ocrx_word' id='word_1_457' title='bbox 400 5167 532 5216; x_wconf 84' lang='lat' dir='ltr'>Romanus</span> <span class='ocrx_word' id='word_1_458' title='bbox 543 5167 693 5230; x_wconf 89' lang='lat' dir='ltr'>Lecapenus</span> <span class='ocrx_word' id='word_1_459' title='bbox 705 5167 749 5230; x_wconf 92' lang='lat' dir='ltr'>qni</span> <span class='ocrx_word' id='word_1_460' title='bbox 757 5182 809 5217; x_wconf 88' lang='lat' dir='ltr'>una</span> <span class='ocrx_word' id='word_1_461' title='bbox 819 5167 979 5232; x_wconf 83' lang='lat' dir='ltr'>imperavere</span> 
     </span>
     <span class='ocr_line' id='line_1_65' title="bbox 220 5232 774 5297; baseline 0.002 -16"><span class='ocrx_word' id='word_1_462' title='bbox 220 5232 340 5281; x_wconf 79' lang='lat' dir='ltr'>tiit-tit.</span> <span class='ocrx_word' id='word_1_463' title='bbox 357 5249 369 5276; x_wconf 86' lang='grc' dir='ltr'>ν</span> <span class='ocrx_word' id='word_1_464' title='bbox 385 5232 491 5282; x_wconf 73' lang='lat' dir='ltr'>itii-cti.</span> <span class='ocrx_word' id='word_1_465' title='bbox 506 5259 536 5269; x_wconf 92' lang='lat'>-</span> <span class='ocrx_word' id='word_1_466' title='bbox 551 5233 639 5282; x_wconf 87' lang='lat' dir='ltr'>Theca</span> <span class='ocrx_word' id='word_1_467' title='bbox 651 5232 774 5297; x_wconf 89' lang='lat' dir='ltr'>loquitur.</span> 
     </span>
    </p>
   </div>
   <div class='ocr_carea' id='block_1_12' title="bbox 688 407 1365 468">
    <p class='ocr_par' dir='ltr' id='par_1_12' title="bbox 688 407 1365 468">
     <span class='ocr_line' id='line_1_66' title="bbox 688 407 1365 468; baseline -0.001 0"><span class='ocrx_word' id='word_1_468' title='bbox 688 408 945 468; x_wconf 83' lang='lat' dir='ltr'>ANTHOLOGIAE</span> <span class='ocrx_word' id='word_1_469' title='bbox 967 407 1117 467; x_wconf 86' lang='lat' dir='ltr'>GRAECAE</span> <span class='ocrx_word' id='word_1_470' title='bbox 1138 409 1365 468; x_wconf 76' lang='lat' dir='ltr'>irruunicis</span> 
     </span>
    </p>
   </div>
   <div class='ocr_carea' id='block_1_13' title="bbox 1051 537 1813 670">
    <p class='ocr_par' dir='ltr' id='par_1_13' title="bbox 1051 537 1813 670">
     <span class='ocr_line' id='line_1_67' title="bbox 1086 537 1813 604; baseline 0 -16"><span class='ocrx_word' id='word_1_471' title='bbox 1086 540 1174 588; x_wconf 82' lang='lat' dir='ltr'>cmx.</span> <span class='ocrx_word' id='word_1_472' title='bbox 1185 539 1244 588; x_wconf 70' lang='lat' dir='ltr'>viii.</span> <span class='ocrx_word' id='word_1_473' title='bbox 1254 539 1342 590; x_wconf 89' lang='lat' dir='ltr'>dehoc</span> <span class='ocrx_word' id='word_1_474' title='bbox 1351 537 1662 604; x_wconf 84' lang='lat' dir='ltr'>epigrammateannotat.</span> <span class='ocrx_word' id='word_1_475' title='bbox 1671 539 1739 590; x_wconf 88' lang='lat' dir='ltr'>adn.</span> <span class='ocrx_word' id='word_1_476' title='bbox 1749 540 1813 589; x_wconf 83' lang='lat' dir='ltr'>l08:</span> 
     </span>
     <span class='ocr_line' id='line_1_68' title="bbox 1051 599 1296 670; baseline 0.008 -17"><span class='ocrx_word' id='word_1_477' title='bbox 1051 606 1088 653; x_wconf 81' lang='lat' dir='ltr'>ot</span> <span class='ocrx_word' id='word_1_478' title='bbox 1103 605 1189 661; x_wconf 77' lang='grc' dir='ltr'>κάλλος</span> <span class='ocrx_word' id='word_1_479' title='bbox 1200 599 1296 670; x_wconf 85' lang='grc' dir='ltr'>εἶχεν...</span> 
     </span>
    </p>
   </div>
   <div class='ocr_carea' id='block_1_14' title="bbox 1050 735 1817 1326">
    <p class='ocr_par' dir='ltr' id='par_1_14' title="bbox 1050 735 1817 1326">
     <span class='ocr_line' id='line_1_69' title="bbox 1085 735 1814 800; baseline 0 -14"><span class='ocrx_word' id='word_1_480' title='bbox 1085 737 1170 786; x_wconf 67' lang='lat' dir='ltr'>CDX!</span> <span class='ocrx_word' id='word_1_481' title='bbox 1181 737 1285 786; x_wconf 68' lang='lat' dir='ltr'>Gerania</span> <span class='ocrx_word' id='word_1_482' title='bbox 1294 735 1385 800; x_wconf 81' lang='lat' dir='ltr'>Syriae.</span> <span class='ocrx_word' id='word_1_483' title='bbox 1398 736 1475 800; x_wconf 73' lang='grc' dir='ltr'>θοι-ρ.</span> <span class='ocrx_word' id='word_1_484' title='bbox 1485 737 1563 784; x_wconf 77' lang='lat' dir='ltr'>inser.</span> <span class='ocrx_word' id='word_1_485' title='bbox 1574 751 1616 798; x_wconf 78' lang='lat' dir='ltr'>pr.</span> <span class='ocrx_word' id='word_1_486' title='bbox 1627 741 1646 784; x_wconf 89' lang='lat' dir='ltr'>t.</span> <span class='ocrx_word' id='word_1_487' title='bbox 1656 736 1700 796; x_wconf 89' lang='lat' dir='ltr'>iv,</span> <span class='ocrx_word' id='word_1_488' title='bbox 1711 752 1737 800; x_wconf 92' lang='lat' dir='ltr'>p.</span> <span class='ocrx_word' id='word_1_489' title='bbox 1754 739 1814 794; x_wconf 88' lang='grc'><strong>366,</strong></span> 
     </span>
     <span class='ocr_line' id='line_1_70' title="bbox 1052 801 1817 867; baseline 0.003 -17"><span class='ocrx_word' id='word_1_490' title='bbox 1052 818 1078 850; x_wconf 92' lang='lat' dir='ltr'>n.</span> <span class='ocrx_word' id='word_1_491' title='bbox 1094 805 1168 851; x_wconf 83' lang='grc'><strong>6655.</strong></span> <span class='ocrx_word' id='word_1_492' title='bbox 1187 803 1373 866; x_wconf 76' lang='lat' dir='ltr'>supplementa</span> <span class='ocrx_word' id='word_1_493' title='bbox 1388 809 1449 851; x_wconf 90' lang='lat' dir='ltr'>sunt</span> <span class='ocrx_word' id='word_1_494' title='bbox 1463 801 1597 851; x_wconf 87' lang='lat' dir='ltr'>Boeclihii.</span> <span class='ocrx_word' id='word_1_495' title='bbox 1619 821 1631 846; x_wconf 79' lang='lat' dir='ltr'>i</span> <span class='ocrx_word' id='word_1_496' title='bbox 1648 801 1749 852; x_wconf 82' lang='lat' dir='ltr'>Titulus</span> <span class='ocrx_word' id='word_1_497' title='bbox 1769 819 1817 867; x_wconf 92' lang='lat' dir='ltr'>po·</span> 
     </span>
     <span class='ocr_line' id='line_1_71' title="bbox 1051 867 1817 932; baseline 0 -16"><span class='ocrx_word' id='word_1_498' title='bbox 1051 868 1117 917; x_wconf 90' lang='lat' dir='ltr'>situs</span> <span class='ocrx_word' id='word_1_499' title='bbox 1134 868 1197 917; x_wconf 93' lang='lat' dir='ltr'>oliiu</span> <span class='ocrx_word' id='word_1_500' title='bbox 1220 869 1299 918; x_wconf 83' lang='lat' dir='ltr'>luisse</span> <span class='ocrx_word' id='word_1_501' title='bbox 1317 867 1419 917; x_wconf 82' lang='lat' dir='ltr'>ridetur</span> <span class='ocrx_word' id='word_1_502' title='bbox 1442 868 1469 916; x_wconf 93' lang='lat' dir='ltr'>in</span> <span class='ocrx_word' id='word_1_503' title='bbox 1487 867 1572 916; x_wconf 79' lang='lat' dir='ltr'>fronte</span> <span class='ocrx_word' id='word_1_504' title='bbox 1591 867 1683 931; x_wconf 88' lang='lat' dir='ltr'>templi</span> <span class='ocrx_word' id='word_1_505' title='bbox 1701 868 1817 932; x_wconf 85' lang='lat' dir='ltr'>alicujus</span> 
     </span>
     <span class='ocr_line' id='line_1_72' title="bbox 1052 933 1816 998; baseline 0.003 -16"><span class='ocrx_word' id='word_1_506' title='bbox 1052 933 1156 998; x_wconf 82' lang='lat' dir='ltr'>pagani.</span> <span class='ocrx_word' id='word_1_507' title='bbox 1167 935 1235 998; x_wconf 86' lang='lat' dir='ltr'>qucil</span> <span class='ocrx_word' id='word_1_508' title='bbox 1250 935 1283 982; x_wconf 88' lang='lat' dir='ltr'>ab</span> <span class='ocrx_word' id='word_1_509' title='bbox 1298 934 1368 982; x_wconf 89' lang='lat' dir='ltr'>omni</span> <span class='ocrx_word' id='word_1_510' title='bbox 1381 933 1543 982; x_wconf 88' lang='lat' dir='ltr'>ethnicorum</span> <span class='ocrx_word' id='word_1_511' title='bbox 1556 933 1816 984; x_wconf 84' lang='lat' dir='ltr'>sacrorumsoeditate</span> 
     </span>
     <span class='ocr_line' id='line_1_73' title="bbox 1051 998 1816 1063; baseline 0.001 -15"><span class='ocrx_word' id='word_1_512' title='bbox 1051 1009 1221 1062; x_wconf 83' lang='lat' dir='ltr'>expurgatum</span> <span class='ocrx_word' id='word_1_513' title='bbox 1232 1015 1291 1049; x_wconf 90' lang='lat' dir='ltr'>cum</span> <span class='ocrx_word' id='word_1_514' title='bbox 1305 1015 1353 1050; x_wconf 86' lang='lat' dir='ltr'>sua</span> <span class='ocrx_word' id='word_1_515' title='bbox 1366 999 1477 1063; x_wconf 87' lang='lat' dir='ltr'>pecunia</span> <span class='ocrx_word' id='word_1_516' title='bbox 1488 998 1513 1047; x_wconf 95' lang='lat' dir='ltr'>in</span> <span class='ocrx_word' id='word_1_517' title='bbox 1529 999 1648 1047; x_wconf 77' lang='lat' dir='ltr'>ecclesiae</span> <span class='ocrx_word' id='word_1_518' title='bbox 1658 999 1816 1049; x_wconf 84' lang='lat' dir='ltr'>Christianae</span> 
     </span>
     <span class='ocr_line' id='line_1_74' title="bbox 1050 1064 1817 1130; baseline 0 -16"><span class='ocrx_word' id='word_1_519' title='bbox 1050 1079 1125 1114; x_wconf 91' lang='lat' dir='ltr'>usum</span> <span class='ocrx_word' id='word_1_520' title='bbox 1138 1066 1351 1114; x_wconf 79' lang='lat' dir='ltr'>conformandum</span> <span class='ocrx_word' id='word_1_521' title='bbox 1365 1071 1483 1114; x_wconf 86' lang='lat' dir='ltr'>curasset</span> <span class='ocrx_word' id='word_1_522' title='bbox 1494 1064 1594 1112; x_wconf 85' lang='lat' dir='ltr'>AEneas</span> <span class='ocrx_word' id='word_1_523' title='bbox 1608 1065 1739 1122; x_wconf 78' lang='lat' dir='ltr'>sacerdos.</span> <span class='ocrx_word' id='word_1_524' title='bbox 1756 1065 1817 1130; x_wconf 87' lang='lat' dir='ltr'>ejus</span> 
     </span>
     <span class='ocr_line' id='line_1_75' title="bbox 1051 1129 1816 1195; baseline 0.003 -17"><span class='ocrx_word' id='word_1_525' title='bbox 1051 1130 1180 1180; x_wconf 76' lang='lat' dir='ltr'>benefacti</span> <span class='ocrx_word' id='word_1_526' title='bbox 1196 1132 1264 1194; x_wconf 93' lang='lat' dir='ltr'>quod</span> <span class='ocrx_word' id='word_1_527' title='bbox 1282 1139 1469 1195; x_wconf 81' lang='lat' dir='ltr'>praetereuntes</span> <span class='ocrx_word' id='word_1_528' title='bbox 1482 1144 1613 1178; x_wconf 84' lang='lat' dir='ltr'>memores</span> <span class='ocrx_word' id='word_1_529' title='bbox 1626 1145 1684 1180; x_wconf 83' lang='lat' dir='ltr'>esse</span> <span class='ocrx_word' id='word_1_530' title='bbox 1697 1129 1816 1194; x_wconf 88' lang='lat' dir='ltr'>juberet,</span> 
     </span>
     <span class='ocr_line' id='line_1_76' title="bbox 1051 1193 1817 1262; baseline 0.003 -18"><span class='ocrx_word' id='word_1_531' title='bbox 1051 1195 1137 1260; x_wconf 84' lang='lat' dir='ltr'>posuit</span> <span class='ocrx_word' id='word_1_532' title='bbox 1155 1197 1269 1260; x_wconf 82' lang='lat' dir='ltr'>elogium</span> <span class='ocrx_word' id='word_1_533' title='bbox 1286 1211 1365 1260; x_wconf 84' lang='lat' dir='ltr'>supra</span> <span class='ocrx_word' id='word_1_534' title='bbox 1382 1195 1567 1262; x_wconf 78' lang='lat' dir='ltr'>perscriptum,</span> <span class='ocrx_word' id='word_1_535' title='bbox 1587 1193 1683 1259; x_wconf 90' lang='lat' dir='ltr'>inquo</span> <span class='ocrx_word' id='word_1_536' title='bbox 1703 1197 1817 1260; x_wconf 85' lang='lat' dir='ltr'>loquens</span> 
     </span>
     <span class='ocr_line' id='line_1_77' title="bbox 1050 1260 1817 1326; baseline 0.001 -16"><span class='ocrx_word' id='word_1_537' title='bbox 1050 1277 1115 1325; x_wconf 89' lang='lat' dir='ltr'>opus</span> <span class='ocrx_word' id='word_1_538' title='bbox 1130 1261 1215 1326; x_wconf 89' lang='lat' dir='ltr'>ipsum</span> <span class='ocrx_word' id='word_1_539' title='bbox 1229 1261 1431 1312; x_wconf 78' lang='lat' dir='ltr'>inducitur.»-</span> <span class='ocrx_word' id='word_1_540' title='bbox 1446 1260 1594 1311; x_wconf 81' lang='lat' dir='ltr'>Kirchhoff.</span> <span class='ocrx_word' id='word_1_541' title='bbox 1616 1260 1693 1324; x_wconf 87' lang='lat' dir='ltr'>Corp.</span> <span class='ocrx_word' id='word_1_542' title='bbox 1705 1261 1724 1310; x_wconf 92' lang='lat' dir='ltr'>i.</span> <span class='ocrx_word' id='word_1_543' title='bbox 1739 1278 1765 1311; x_wconf 93' lang='lat' dir='ltr'>c.</span> <span class='ocrx_word' id='word_1_544' title='bbox 1780 1291 1817 1302; x_wconf 91' lang='lat'>·-</span> 
     </span>
    </p>
   </div>
   <div class='ocr_carea' id='block_1_15' title="bbox 1050 1338 1813 1410">
    <p class='ocr_par' dir='ltr' id='par_1_15' title="bbox 1050 1338 1813 1410">
     <span class='ocr_line' id='line_1_78' title="bbox 1050 1338 1813 1410; baseline 0.008 -17"><span class='ocrx_word' id='word_1_545' title='bbox 1050 1345 1095 1394; x_wconf 89' lang='lat' dir='ltr'>Vs.</span> <span class='ocrx_word' id='word_1_546' title='bbox 1124 1347 1148 1394; x_wconf 89' lang='grc'>6.</span> <span class='ocrx_word' id='word_1_547' title='bbox 1172 1345 1252 1410; x_wconf 86' lang='lat' dir='ltr'>Lapis</span> <span class='ocrx_word' id='word_1_548' title='bbox 1278 1345 1376 1394; x_wconf 87' lang='lat' dir='ltr'>habere</span> <span class='ocrx_word' id='word_1_549' title='bbox 1401 1344 1504 1394; x_wconf 82' lang='lat' dir='ltr'>videtur</span> <span class='ocrx_word' id='word_1_550' title='bbox 1525 1338 1813 1410; x_wconf 80' lang='grc' dir='ltr'>ΑΙΕΕΡΕΙΡΕῘΟ,</span> 
     </span>
    </p>
   </div>
   <div class='ocr_carea' id='block_1_16' title="bbox 1049 1419 1814 1809">
    <p class='ocr_par' dir='ltr' id='par_1_16' title="bbox 1049 1419 1814 1809">
     <span class='ocr_line' id='line_1_79' title="bbox 1050 1419 1814 1484; baseline 0.008 -17"><span class='ocrx_word' id='word_1_551' title='bbox 1050 1419 1094 1468; x_wconf 92' lang='lat' dir='ltr'>ubi</span> <span class='ocrx_word' id='word_1_552' title='bbox 1108 1435 1161 1469; x_wconf 92' lang='lat' dir='ltr'>non</span> <span class='ocrx_word' id='word_1_553' title='bbox 1176 1435 1234 1469; x_wconf 90' lang='lat' dir='ltr'>cum</span> <span class='ocrx_word' id='word_1_554' title='bbox 1250 1419 1383 1469; x_wconf 81' lang='lat' dir='ltr'>Boeckliio</span> <span class='ocrx_word' id='word_1_555' title='bbox 1395 1421 1545 1484; x_wconf 82' lang='grc' dir='ltr'>διεσπείρετο</span> <span class='ocrx_word' id='word_1_556' title='bbox 1556 1421 1677 1484; x_wconf 86' lang='lat' dir='ltr'>legimus,</span> <span class='ocrx_word' id='word_1_557' title='bbox 1697 1423 1743 1472; x_wconf 89' lang='lat' dir='ltr'>sed</span> <span class='ocrx_word' id='word_1_558' title='bbox 1760 1425 1814 1472; x_wconf 86' lang='grc' dir='ltr'>διε·</span> 
     </span>
     <span class='ocr_line' id='line_1_80' title="bbox 1049 1485 1814 1604; baseline 0.005 -4"><span class='ocrx_word' id='word_1_559' title='bbox 1049 1485 1814 1604; x_wconf 43' lang='grc' dir='ltr'>ΨΜῐίίὲἱῗίῗλὼῗίίῖἕίὲλίί31333ίὲιῖίὀῖ</span> 
     </span>
     <span class='ocr_line' id='line_1_81' title="bbox 1050 1551 1814 1698; baseline 0.007 -34"><span class='ocrx_word' id='word_1_560' title='bbox 1050 1551 1202 1692; x_wconf 59' lang='lat' dir='ltr'>iirgl&#39;a&#39;ri</span> <span class='ocrx_word' id='word_1_561' title='bbox 1213 1569 1233 1677; x_wconf 59' lang='lat' dir='ltr'>l:</span> <span class='ocrx_word' id='word_1_562' title='bbox 1244 1619 1291 1666; x_wconf 85' lang='grc'>163</span> <span class='ocrx_word' id='word_1_563' title='bbox 1302 1587 1361 1692; x_wconf 56' lang='lat' dir='ltr'>alp:</span> <span class='ocrx_word' id='word_1_564' title='bbox 1377 1616 1517 1668; x_wconf 72' lang='lat' dir='ltr'>Ambrosie</span> <span class='ocrx_word' id='word_1_565' title='bbox 1528 1633 1577 1682; x_wconf 91' lang='lat' dir='ltr'>que</span> <span class='ocrx_word' id='word_1_566' title='bbox 1591 1634 1672 1698; x_wconf 66' lang='lat' dir='ltr'>comes</span> <span class='ocrx_word' id='word_1_567' title='bbox 1684 1591 1814 1678; x_wconf 54' lang='lat' dir='ltr'>divinum]</span> 
     </span>
     <span class='ocr_line' id='line_1_82' title="bbox 1049 1683 1813 1809; baseline 0.001 -77"><span class='ocrx_word' id='word_1_568' title='bbox 1049 1683 1276 1809; x_wconf 54' lang='grc' dir='ltr'>χειρροδιχθρόοιοαι</span> <span class='ocrx_word' id='word_1_569' title='bbox 1290 1685 1295 1745; x_wconf 90' lang='grc' dir='ltr'>Ι</span> <span class='ocrx_word' id='word_1_570' title='bbox 1310 1697 1442 1747; x_wconf 80' lang='lat' dir='ltr'>spiravere</span> <span class='ocrx_word' id='word_1_571' title='bbox 1458 1685 1599 1750; x_wconf 78' lang='grc' dir='ltr'>(ἀμδρόσιαι</span> <span class='ocrx_word' id='word_1_572' title='bbox 1620 1702 1712 1750; x_wconf 78' lang='grc' dir='ltr'>χαίταν,</span> <span class='ocrx_word' id='word_1_573' title='bbox 1729 1687 1813 1735; x_wconf 88' lang='lat' dir='ltr'>Hom.</span> 
     </span>
    </p>
   </div>
   <div class='ocr_carea' id='block_1_17' title="bbox 1040 1878 1813 3522">
    <p class='ocr_par' dir='ltr' id='par_1_17' title="bbox 1040 1878 1813 3522">
     <span class='ocr_line' id='line_1_83' title="bbox 1081 1878 1812 1946; baseline 0.003 -18"><span class='ocrx_word' id='word_1_574' title='bbox 1081 1879 1169 1930; x_wconf 84' lang='lat' dir='ltr'>CDXI.</span> <span class='ocrx_word' id='word_1_575' title='bbox 1199 1879 1239 1928; x_wconf 86' lang='lat' dir='ltr'>Ex</span> <span class='ocrx_word' id='word_1_576' title='bbox 1260 1879 1318 1928; x_wconf 83' lang='lat' dir='ltr'>cod.</span> <span class='ocrx_word' id='word_1_577' title='bbox 1343 1878 1465 1928; x_wconf 89' lang='lat' dir='ltr'>Palatino</span> <span class='ocrx_word' id='word_1_578' title='bbox 1491 1879 1573 1930; x_wconf 87' lang='lat' dir='ltr'>edidit</span> <span class='ocrx_word' id='word_1_579' title='bbox 1603 1881 1757 1946; x_wconf 75' lang='lat' dir='ltr'>Sylburgius</span> <span class='ocrx_word' id='word_1_580' title='bbox 1783 1882 1812 1931; x_wconf 92' lang='lat' dir='ltr'>in</span> 
     </span>
     <span class='ocr_line' id='line_1_84' title="bbox 1049 1945 1811 2010; baseline 0.008 -18"><span class='ocrx_word' id='word_1_581' title='bbox 1049 1945 1154 1995; x_wconf 79' lang='lat' dir='ltr'>Praeiat.</span> <span class='ocrx_word' id='word_1_582' title='bbox 1175 1945 1237 1994; x_wconf 91' lang='lat' dir='ltr'>edit.</span> <span class='ocrx_word' id='word_1_583' title='bbox 1257 1960 1312 1994; x_wconf 87' lang='lat' dir='ltr'>snae</span> <span class='ocrx_word' id='word_1_584' title='bbox 1329 1945 1497 2004; x_wconf 84' lang='lat' dir='ltr'>Theodorati,</span> <span class='ocrx_word' id='word_1_585' title='bbox 1516 1961 1542 2010; x_wconf 87' lang='lat' dir='ltr'>p.</span> <span class='ocrx_word' id='word_1_586' title='bbox 1557 1962 1600 2002; x_wconf 87' lang='lat' dir='ltr'>xv.</span> <span class='ocrx_word' id='word_1_587' title='bbox 1618 1962 1677 1996; x_wconf 93' lang='lat' dir='ltr'>cuin</span> <span class='ocrx_word' id='word_1_588' title='bbox 1691 1957 1754 1997; x_wconf 87' lang='lat' dir='ltr'>nota</span> <span class='ocrx_word' id='word_1_589' title='bbox 1767 1964 1811 1998; x_wconf 89' lang='lat' dir='ltr'>se·</span> 
     </span>
     <span class='ocr_line' id='line_1_85' title="bbox 1048 2009 1813 2078; baseline 0.007 -20"><span class='ocrx_word' id='word_1_590' title='bbox 1048 2017 1142 2073; x_wconf 82' lang='lat' dir='ltr'>quante</span> <span class='ocrx_word' id='word_1_591' title='bbox 1157 2027 1163 2059; x_wconf 93' lang='lat'><strong>:</strong></span> <span class='ocrx_word' id='word_1_592' title='bbox 1181 2032 1194 2056; x_wconf 76' lang='grc' dir='ltr'>ν</span> <span class='ocrx_word' id='word_1_593' title='bbox 1209 2011 1267 2060; x_wconf 86' lang='grc' dir='ltr'>Ηοσ</span> <span class='ocrx_word' id='word_1_594' title='bbox 1278 2009 1362 2074; x_wconf 83' lang='lat' dir='ltr'>epigr.</span> <span class='ocrx_word' id='word_1_595' title='bbox 1377 2009 1470 2060; x_wconf 90' lang='lat' dir='ltr'>alludit</span> <span class='ocrx_word' id='word_1_596' title='bbox 1481 2011 1515 2061; x_wconf 85' lang='lat' dir='ltr'>ad</span> <span class='ocrx_word' id='word_1_597' title='bbox 1529 2023 1588 2061; x_wconf 87' lang='lat' dir='ltr'>acta</span> <span class='ocrx_word' id='word_1_598' title='bbox 1602 2012 1706 2062; x_wconf 91' lang='lat' dir='ltr'>concilii</span> <span class='ocrx_word' id='word_1_599' title='bbox 1725 2014 1813 2078; x_wconf 86' lang='lat' dir='ltr'>Ephe·</span> 
     </span>
     <span class='ocr_line' id='line_1_86' title="bbox 1047 2075 1810 2141; baseline 0.005 -17"><span class='ocrx_word' id='word_1_600' title='bbox 1047 2075 1107 2136; x_wconf 80' lang='lat' dir='ltr'>sini,</span> <span class='ocrx_word' id='word_1_601' title='bbox 1123 2090 1207 2140; x_wconf 86' lang='lat' dir='ltr'>quasa</span> <span class='ocrx_word' id='word_1_602' title='bbox 1224 2077 1326 2126; x_wconf 89' lang='lat' dir='ltr'>Zonara</span> <span class='ocrx_word' id='word_1_603' title='bbox 1340 2078 1369 2140; x_wconf 89' lang='lat' dir='ltr'>(t.</span> <span class='ocrx_word' id='word_1_604' title='bbox 1385 2077 1430 2134; x_wconf 82' lang='lat' dir='ltr'>iii,</span> <span class='ocrx_word' id='word_1_605' title='bbox 1444 2079 1484 2134; x_wconf 79' lang='lat'>³5.</span> <span class='ocrx_word' id='word_1_606' title='bbox 1500 2079 1526 2140; x_wconf 93' lang='grc'>9)</span> <span class='ocrx_word' id='word_1_607' title='bbox 1542 2078 1621 2140; x_wconf 70' lang='lat' dir='ltr'>iiiii,</span> <span class='ocrx_word' id='word_1_608' title='bbox 1637 2080 1678 2141; x_wconf 86' lang='grc'>22]</span> <span class='ocrx_word' id='word_1_609' title='bbox 1694 2077 1735 2128; x_wconf 88' lang='lat' dir='ltr'>bis</span> <span class='ocrx_word' id='word_1_610' title='bbox 1749 2095 1810 2128; x_wconf 81' lang='lat' dir='ltr'>ver-</span> 
     </span>
     <span class='ocr_line' id='line_1_87' title="bbox 1048 2141 1809 2208; baseline 0.005 -17"><span class='ocrx_word' id='word_1_611' title='bbox 1048 2141 1087 2191; x_wconf 80' lang='lat' dir='ltr'>bis</span> <span class='ocrx_word' id='word_1_612' title='bbox 1101 2143 1266 2206; x_wconf 83' lang='lat' dir='ltr'>attinguntur</span> <span class='ocrx_word' id='word_1_613' title='bbox 1279 2157 1285 2190; x_wconf 92' lang='lat'>:</span> <span class='ocrx_word' id='word_1_614' title='bbox 1299 2143 1365 2208; x_wconf 85' lang='grc' dir='ltr'>Πρός</span> <span class='ocrx_word' id='word_1_615' title='bbox 1375 2145 1524 2206; x_wconf 84' lang='grc' dir='ltr'>τρανοτέραν</span> <span class='ocrx_word' id='word_1_616' title='bbox 1537 2144 1563 2192; x_wconf 74' lang='grc' dir='ltr'>δὲ</span> <span class='ocrx_word' id='word_1_617' title='bbox 1577 2147 1620 2203; x_wconf 77' lang='grc' dir='ltr'>τῆς</span> <span class='ocrx_word' id='word_1_618' title='bbox 1632 2146 1736 2200; x_wconf 85' lang='grc' dir='ltr'>πίστεως</span> <span class='ocrx_word' id='word_1_619' title='bbox 1747 2148 1809 2207; x_wconf 86' lang='grc' dir='ltr'>όμο·</span> 
     </span>
     <span class='ocr_line' id='line_1_88' title="bbox 1046 2209 1808 2276; baseline 0.007 -21"><span class='ocrx_word' id='word_1_620' title='bbox 1046 2209 1137 2270; x_wconf 88' lang='grc' dir='ltr'>λογίαν,</span> <span class='ocrx_word' id='word_1_621' title='bbox 1153 2209 1194 2257; x_wconf 85' lang='grc' dir='ltr'>καί</span> <span class='ocrx_word' id='word_1_622' title='bbox 1210 2209 1252 2266; x_wconf 80' lang='grc' dir='ltr'>τῆς</span> <span class='ocrx_word' id='word_1_623' title='bbox 1274 2210 1417 2264; x_wconf 78' lang='grc' dir='ltr'>δυσσεόείας</span> <span class='ocrx_word' id='word_1_624' title='bbox 1437 2209 1480 2258; x_wconf 74' lang='grc' dir='ltr'>τοῦ</span> <span class='ocrx_word' id='word_1_625' title='bbox 1497 2210 1634 2274; x_wconf 83' lang='grc' dir='ltr'>Νεστορίου</span> <span class='ocrx_word' id='word_1_626' title='bbox 1654 2211 1808 2276; x_wconf 81' lang='grc' dir='ltr'>σαφέστερον</span> 
     </span>
     <span class='ocr_line' id='line_1_89' title="bbox 1046 2273 1809 2340; baseline 0.007 -18"><span class='ocrx_word' id='word_1_627' title='bbox 1046 2273 1153 2338; x_wconf 76' lang='grc' dir='ltr'>ἔλεγχον,</span> <span class='ocrx_word' id='word_1_628' title='bbox 1172 2274 1214 2322; x_wconf 87' lang='grc' dir='ltr'>καί</span> <span class='ocrx_word' id='word_1_629' title='bbox 1234 2273 1329 2322; x_wconf 82' lang='grc' dir='ltr'>δώδεκα</span> <span class='ocrx_word' id='word_1_630' title='bbox 1356 2275 1474 2330; x_wconf 75' lang='grc' dir='ltr'>συντάξας</span> <span class='ocrx_word' id='word_1_631' title='bbox 1500 2277 1618 2338; x_wconf 70' lang='grc' dir='ltr'>κεφάλαια</span> <span class='ocrx_word' id='word_1_632' title='bbox 1638 2275 1652 2323; x_wconf 86' lang='grc'><strong>6</strong></span> <span class='ocrx_word' id='word_1_633' title='bbox 1673 2277 1809 2340; x_wconf 80' lang='grc' dir='ltr'>ἱερώτατος</span> 
     </span>
     <span class='ocr_line' id='line_1_90' title="bbox 1046 2338 1809 2408; baseline 0.007 -21"><span class='ocrx_word' id='word_1_634' title='bbox 1046 2340 1160 2404; x_wconf 79' lang='grc' dir='ltr'>Κύριλλος</span> <span class='ocrx_word' id='word_1_635' title='bbox 1172 2341 1216 2396; x_wconf 80' lang='grc' dir='ltr'>τῆς</span> <span class='ocrx_word' id='word_1_636' title='bbox 1228 2339 1301 2402; x_wconf 72' lang='grc' dir='ltr'>ὀρθῆς</span> <span class='ocrx_word' id='word_1_637' title='bbox 1316 2338 1387 2398; x_wconf 77' lang='grc' dir='ltr'>δόξης</span> <span class='ocrx_word' id='word_1_638' title='bbox 1399 2340 1565 2403; x_wconf 80' lang='grc' dir='ltr'>ὑπομνήματα</span> <span class='ocrx_word' id='word_1_639' title='bbox 1580 2347 1608 2405; x_wconf 78' lang='grc' dir='ltr'>τῇ</span> <span class='ocrx_word' id='word_1_640' title='bbox 1627 2341 1746 2408; x_wconf 73' lang='grc' dir='ltr'>ἐκκλησίᾳ</span> <span class='ocrx_word' id='word_1_641' title='bbox 1763 2361 1809 2392; x_wconf 87' lang='grc' dir='ltr'>πα-</span> 
     </span>
     <span class='ocr_line' id='line_1_91' title="bbox 1046 2405 1808 2472; baseline 0.005 -20"><span class='ocrx_word' id='word_1_642' title='bbox 1046 2405 1159 2468; x_wconf 84' lang='grc' dir='ltr'>ρέδωκεν,</span> <span class='ocrx_word' id='word_1_643' title='bbox 1188 2405 1217 2454; x_wconf 78' lang='lat'>‘0</span> <span class='ocrx_word' id='word_1_644' title='bbox 1232 2405 1257 2453; x_wconf 79' lang='grc' dir='ltr'>δὲ</span> <span class='ocrx_word' id='word_1_645' title='bbox 1271 2405 1405 2470; x_wconf 85' lang='grc' dir='ltr'>Νεστόριος</span> <span class='ocrx_word' id='word_1_646' title='bbox 1419 2406 1540 2464; x_wconf 79' lang='grc' dir='ltr'>ἀπεόλήθη</span> <span class='ocrx_word' id='word_1_647' title='bbox 1559 2407 1601 2456; x_wconf 87' lang='grc' dir='ltr'>καὶ</span> <span class='ocrx_word' id='word_1_648' title='bbox 1619 2405 1663 2455; x_wconf 79' lang='grc' dir='ltr'>τοῦ</span> <span class='ocrx_word' id='word_1_649' title='bbox 1678 2409 1726 2455; x_wconf 78' lang='grc' dir='ltr'>τῶν</span> <span class='ocrx_word' id='word_1_650' title='bbox 1746 2409 1808 2472; x_wconf 79' lang='grc' dir='ltr'>δρθα</span> 
     </span>
     <span class='ocr_line' id='line_1_92' title="bbox 1045 2465 1806 2537; baseline -0.001 -18"><span class='ocrx_word' id='word_1_651' title='bbox 1045 2472 1201 2530; x_wconf 83' lang='grc' dir='ltr'>φρονούντων</span> <span class='ocrx_word' id='word_1_652' title='bbox 1222 2471 1353 2536; x_wconf 80' lang='grc' dir='ltr'>ἀρχιερέων</span> <span class='ocrx_word' id='word_1_653' title='bbox 1371 2465 1502 2528; x_wconf 79' lang='grc' dir='ltr'>όιπεκινήίη</span> <span class='ocrx_word' id='word_1_654' title='bbox 1523 2471 1610 2537; x_wconf 81' lang='grc' dir='ltr'>χοροῦ.</span> <span class='ocrx_word' id='word_1_655' title='bbox 1630 2475 1701 2522; x_wconf 79' lang='grc' dir='ltr'>Μετὰ</span> <span class='ocrx_word' id='word_1_656' title='bbox 1722 2477 1806 2537; x_wconf 81' lang='grc' dir='ltr'>τρίτην</span> 
     </span>
     <span class='ocr_line' id='line_1_93' title="bbox 1044 2537 1806 2600; baseline 0.004 -17"><span class='ocrx_word' id='word_1_657' title='bbox 1044 2537 1069 2584; x_wconf 84' lang='grc' dir='ltr'>δὲ</span> <span class='ocrx_word' id='word_1_658' title='bbox 1084 2539 1126 2594; x_wconf 83' lang='grc' dir='ltr'>τῆς</span> <span class='ocrx_word' id='word_1_659' title='bbox 1141 2537 1244 2586; x_wconf 85' lang='grc' dir='ltr'>συνόδου</span> <span class='ocrx_word' id='word_1_660' title='bbox 1258 2538 1352 2600; x_wconf 77' lang='grc' dir='ltr'>ἡμέραν</span> <span class='ocrx_word' id='word_1_661' title='bbox 1366 2537 1506 2600; x_wconf 76' lang='grc' dir='ltr'>ἐφίστανται</span> <span class='ocrx_word' id='word_1_662' title='bbox 1518 2544 1548 2600; x_wconf 74' lang='grc' dir='ltr'>τῇ</span> <span class='ocrx_word' id='word_1_663' title='bbox 1570 2538 1665 2599; x_wconf 79' lang='grc' dir='ltr'>Ἐφέσῳ</span> <span class='ocrx_word' id='word_1_664' title='bbox 1678 2540 1691 2586; x_wconf 84' lang='grc' dir='ltr'>ό</span> <span class='ocrx_word' id='word_1_665' title='bbox 1703 2556 1731 2587; x_wconf 86' lang='grc' dir='ltr'>τε</span> <span class='ocrx_word' id='word_1_666' title='bbox 1750 2540 1806 2588; x_wconf 79' lang='grc' dir='ltr'>Ἀν-</span> 
     </span>
     <span class='ocr_line' id='line_1_94' title="bbox 1044 2601 1806 2666; baseline 0.005 -16"><span class='ocrx_word' id='word_1_667' title='bbox 1044 2603 1149 2666; x_wconf 84' lang='grc' dir='ltr'>τιοχείας</span> <span class='ocrx_word' id='word_1_668' title='bbox 1171 2603 1286 2661; x_wconf 85' lang='grc' dir='ltr'>Ἰωάννης</span> <span class='ocrx_word' id='word_1_669' title='bbox 1303 2602 1512 2666; x_wconf 76' lang='lat' dir='ltr'>(chrysostomus</span> <span class='ocrx_word' id='word_1_670' title='bbox 1527 2601 1655 2664; x_wconf 79' lang='lat' dir='ltr'>videlicet)</span> <span class='ocrx_word' id='word_1_671' title='bbox 1670 2605 1710 2653; x_wconf 86' lang='grc' dir='ltr'>καί</span> <span class='ocrx_word' id='word_1_672' title='bbox 1725 2607 1739 2652; x_wconf 86' lang='grc' dir='ltr'>ό</span> <span class='ocrx_word' id='word_1_673' title='bbox 1756 2607 1806 2654; x_wconf 75' lang='grc'><strong>116-</strong></span> 
     </span>
     <span class='ocr_line' id='line_1_95' title="bbox 1044 2668 1806 2732; baseline 0.005 -16"><span class='ocrx_word' id='word_1_674' title='bbox 1044 2685 1087 2732; x_wconf 81' lang='grc' dir='ltr'>ρον</span> <span class='ocrx_word' id='word_1_675' title='bbox 1103 2669 1235 2722; x_wconf 75' lang='grc' dir='ltr'>ἐπίσκοπος</span> <span class='ocrx_word' id='word_1_676' title='bbox 1245 2669 1405 2732; x_wconf 83' lang='grc' dir='ltr'>θεοδώρητος</span> <span class='ocrx_word' id='word_1_677' title='bbox 1415 2668 1456 2716; x_wconf 84' lang='grc' dir='ltr'>καὶ</span> <span class='ocrx_word' id='word_1_678' title='bbox 1468 2673 1481 2717; x_wconf 88' lang='grc'><strong>6</strong></span> <span class='ocrx_word' id='word_1_679' title='bbox 1503 2670 1603 2726; x_wconf 59' lang='lat' dir='ltr'>’uatem</span> <span class='ocrx_word' id='word_1_680' title='bbox 1616 2669 1684 2724; x_wconf 76' lang='grc' dir='ltr'>Ἰόας</span> <span class='ocrx_word' id='word_1_681' title='bbox 1697 2670 1739 2718; x_wconf 87' lang='grc' dir='ltr'>καί</span> <span class='ocrx_word' id='word_1_682' title='bbox 1753 2673 1806 2720; x_wconf 74' lang='grc' dir='ltr'>ἔτε-</span> 
     </span>
     <span class='ocr_line' id='line_1_96' title="bbox 1044 2734 1806 2798; baseline 0.004 -16"><span class='ocrx_word' id='word_1_683' title='bbox 1044 2749 1091 2782; x_wconf 92' lang='grc' dir='ltr'>οοι·</span> <span class='ocrx_word' id='word_1_684' title='bbox 1107 2735 1148 2782; x_wconf 88' lang='grc' dir='ltr'>καὶ</span> <span class='ocrx_word' id='word_1_685' title='bbox 1161 2737 1198 2783; x_wconf 85' lang='grc' dir='ltr'>ότι</span> <span class='ocrx_word' id='word_1_686' title='bbox 1215 2736 1246 2795; x_wconf 85' lang='grc' dir='ltr'>μή</span> <span class='ocrx_word' id='word_1_687' title='bbox 1260 2734 1301 2782; x_wconf 89' lang='grc' dir='ltr'>καί</span> <span class='ocrx_word' id='word_1_688' title='bbox 1313 2739 1356 2792; x_wconf 75' lang='grc' dir='ltr'>τήν</span> <span class='ocrx_word' id='word_1_689' title='bbox 1367 2735 1448 2782; x_wconf 80' lang='grc' dir='ltr'>αὐτῶν</span> <span class='ocrx_word' id='word_1_690' title='bbox 1459 2737 1596 2798; x_wconf 79' lang='grc' dir='ltr'>παρουσίαν</span> <span class='ocrx_word' id='word_1_691' title='bbox 1609 2737 1632 2783; x_wconf 82' lang='lat' dir='ltr'>cl</span> <span class='ocrx_word' id='word_1_692' title='bbox 1646 2737 1689 2792; x_wconf 76' lang='grc' dir='ltr'>τῆς</span> <span class='ocrx_word' id='word_1_693' title='bbox 1700 2737 1806 2785; x_wconf 84' lang='grc' dir='ltr'>συνόδου</span> 
     </span>
     <span class='ocr_line' id='line_1_97' title="bbox 1043 2795 1807 2864; baseline 0.003 -16"><span class='ocrx_word' id='word_1_694' title='bbox 1043 2795 1169 2864; x_wconf 78' lang='grc' dir='ltr'>ἀνέμειναν</span> <span class='ocrx_word' id='word_1_695' title='bbox 1187 2801 1338 2864; x_wconf 78' lang='grc' dir='ltr'>ὀργισθέντες</span> <span class='ocrx_word' id='word_1_696' title='bbox 1356 2800 1420 2849; x_wconf 83' lang='grc' dir='ltr'>κατό</span> <span class='ocrx_word' id='word_1_697' title='bbox 1437 2805 1481 2849; x_wconf 80' lang='grc' dir='ltr'>τοῦ</span> <span class='ocrx_word' id='word_1_698' title='bbox 1501 2799 1607 2862; x_wconf 73' lang='grc' dir='ltr'>μεγάλου</span> <span class='ocrx_word' id='word_1_699' title='bbox 1626 2802 1755 2864; x_wconf 72' lang='lat' dir='ltr'>Rupilias,</span> <span class='ocrx_word' id='word_1_700' title='bbox 1773 2805 1807 2858; x_wconf 81' lang='grc' dir='ltr'>ὡς</span> 
     </span>
     <span class='ocr_line' id='line_1_98' title="bbox 1043 2865 1805 2931; baseline 0 -17"><span class='ocrx_word' id='word_1_701' title='bbox 1043 2866 1090 2914; x_wconf 83' lang='grc' dir='ltr'>τῶν</span> <span class='ocrx_word' id='word_1_702' title='bbox 1106 2865 1183 2916; x_wconf 76' lang='grc' dir='ltr'>ἄλλων</span> <span class='ocrx_word' id='word_1_703' title='bbox 1197 2865 1349 2930; x_wconf 75' lang='grc' dir='ltr'>ἐξάρχοντος,</span> <span class='ocrx_word' id='word_1_704' title='bbox 1360 2866 1403 2921; x_wconf 75' lang='grc' dir='ltr'>τόν</span> <span class='ocrx_word' id='word_1_705' title='bbox 1418 2881 1445 2913; x_wconf 86' lang='grc' dir='ltr'>τε</span> <span class='ocrx_word' id='word_1_706' title='bbox 1458 2865 1504 2914; x_wconf 78' lang='grc' dir='ltr'>τοῦ</span> <span class='ocrx_word' id='word_1_707' title='bbox 1514 2866 1650 2928; x_wconf 82' lang='grc' dir='ltr'>Νεστορίου</span> <span class='ocrx_word' id='word_1_708' title='bbox 1663 2867 1805 2931; x_wconf 76' lang='grc' dir='ltr'>καθαίρεσιν</span> 
     </span>
     <span class='ocr_line' id='line_1_99' title="bbox 1041 2930 1807 2996; baseline 0.005 -18"><span class='ocrx_word' id='word_1_709' title='bbox 1041 2933 1188 2995; x_wconf 79' lang='grc' dir='ltr'>ᾐτιάσαντο,</span> <span class='ocrx_word' id='word_1_710' title='bbox 1206 2931 1248 2980; x_wconf 82' lang='grc' dir='ltr'>καί</span> <span class='ocrx_word' id='word_1_711' title='bbox 1264 2932 1348 2994; x_wconf 81' lang='grc' dir='ltr'>ἐκείνῳ</span> <span class='ocrx_word' id='word_1_712' title='bbox 1370 2930 1475 2992; x_wconf 80' lang='grc' dir='ltr'>θέμενοι,</span> <span class='ocrx_word' id='word_1_713' title='bbox 1494 2931 1538 2980; x_wconf 72' lang='grc' dir='ltr'>τοῦ</span> <span class='ocrx_word' id='word_1_714' title='bbox 1556 2948 1582 2980; x_wconf 91' lang='grc' dir='ltr'>τε</span> <span class='ocrx_word' id='word_1_715' title='bbox 1604 2934 1666 2981; x_wconf 74' lang='grc' dir='ltr'>θείου</span> <span class='ocrx_word' id='word_1_716' title='bbox 1685 2933 1807 2996; x_wconf 83' lang='grc' dir='ltr'>Κυρίλλου</span> 
     </span>
     <span class='ocr_line' id='line_1_100' title="bbox 1041 2995 1807 3061; baseline 0.003 -16"><span class='ocrx_word' id='word_1_717' title='bbox 1041 2998 1082 3045; x_wconf 80' lang='grc' dir='ltr'>καί</span> <span class='ocrx_word' id='word_1_718' title='bbox 1099 2999 1228 3060; x_wconf 85' lang='grc' dir='ltr'>Μέμνονος</span> <span class='ocrx_word' id='word_1_719' title='bbox 1242 2996 1286 3045; x_wconf 68' lang='grc' dir='ltr'>τοῦ</span> <span class='ocrx_word' id='word_1_720' title='bbox 1310 2997 1416 3058; x_wconf 83' lang='grc' dir='ltr'>Ἐφέσου</span> <span class='ocrx_word' id='word_1_721' title='bbox 1431 2999 1569 3061; x_wconf 77' lang='grc' dir='ltr'>καθαίρεσιν</span> <span class='ocrx_word' id='word_1_722' title='bbox 1588 2995 1749 3060; x_wconf 73' lang='grc' dir='ltr'>ἐψηφίσαντο.</span> <span class='ocrx_word' id='word_1_723' title='bbox 1773 2999 1807 3047; x_wconf 82' lang='grc' dir='ltr'><strong>Ὁ</strong></span> 
     </span>
     <span class='ocr_line' id='line_1_101' title="bbox 1042 3061 1803 3126; baseline 0.003 -16"><span class='ocrx_word' id='word_1_724' title='bbox 1042 3064 1201 3126; x_wconf 83' lang='grc' dir='ltr'>Θεοδώρητος</span> <span class='ocrx_word' id='word_1_725' title='bbox 1212 3063 1238 3110; x_wconf 81' lang='lat' dir='ltr'>it</span> <span class='ocrx_word' id='word_1_726' title='bbox 1250 3061 1367 3112; x_wconf 78' lang='grc' dir='ltr'>καὶκατὰ</span> <span class='ocrx_word' id='word_1_727' title='bbox 1380 3063 1429 3110; x_wconf 80' lang='grc' dir='ltr'>τῶν</span> <span class='ocrx_word' id='word_1_728' title='bbox 1445 3063 1542 3111; x_wconf 86' lang='grc' dir='ltr'>δώδεκα</span> <span class='ocrx_word' id='word_1_729' title='bbox 1554 3064 1690 3124; x_wconf 84' lang='grc' dir='ltr'>κεφαλαίων</span> <span class='ocrx_word' id='word_1_730' title='bbox 1699 3065 1747 3112; x_wconf 78' lang='grc' dir='ltr'>τῶν</span> <span class='ocrx_word' id='word_1_731' title='bbox 1758 3065 1803 3112; x_wconf 70' lang='grc' dir='ltr'>τοῦ</span> 
     </span>
     <span class='ocr_line' id='line_1_102' title="bbox 1043 3127 1806 3193; baseline 0 -15"><span class='ocrx_word' id='word_1_732' title='bbox 1043 3131 1161 3191; x_wconf 78' lang='grc' dir='ltr'>Κυρίλλου</span> <span class='ocrx_word' id='word_1_733' title='bbox 1177 3129 1298 3192; x_wconf 77' lang='grc' dir='ltr'>ἐχώρησε,</span> <span class='ocrx_word' id='word_1_734' title='bbox 1320 3128 1362 3176; x_wconf 81' lang='grc' dir='ltr'>καὶ</span> <span class='ocrx_word' id='word_1_735' title='bbox 1383 3127 1407 3181; x_wconf 81' lang='grc' dir='ltr'>ἐς</span> <span class='ocrx_word' id='word_1_736' title='bbox 1428 3130 1566 3193; x_wconf 78' lang='grc' dir='ltr'>ἀνατροπὴν</span> <span class='ocrx_word' id='word_1_737' title='bbox 1585 3130 1666 3178; x_wconf 79' lang='grc' dir='ltr'>αὐτῶν</span> <span class='ocrx_word' id='word_1_738' title='bbox 1684 3129 1806 3190; x_wconf 78' lang='grc' dir='ltr'>κεφάλαια</span> 
     </span>
     <span class='ocr_line' id='line_1_103' title="bbox 1040 3191 1806 3256; baseline 0.003 -14"><span class='ocrx_word' id='word_1_739' title='bbox 1040 3195 1167 3250; x_wconf 79' lang='grc' dir='ltr'>συνέταξεν</span> <span class='ocrx_word' id='word_1_740' title='bbox 1187 3197 1269 3256; x_wconf 80' lang='grc' dir='ltr'>λτερα·</span> <span class='ocrx_word' id='word_1_741' title='bbox 1292 3194 1353 3256; x_wconf 88' lang='grc' dir='ltr'>πρὸς</span> <span class='ocrx_word' id='word_1_742' title='bbox 1370 3191 1386 3242; x_wconf 86' lang='lat' dir='ltr'>iii</span> <span class='ocrx_word' id='word_1_743' title='bbox 1404 3195 1473 3242; x_wconf 86' lang='grc' dir='ltr'>πάλιν</span> <span class='ocrx_word' id='word_1_744' title='bbox 1493 3196 1507 3243; x_wconf 88' lang='grc' dir='ltr'>ό</span> <span class='ocrx_word' id='word_1_745' title='bbox 1523 3195 1598 3256; x_wconf 82' lang='grc' dir='ltr'>μέγας</span> <span class='ocrx_word' id='word_1_746' title='bbox 1619 3193 1806 3255; x_wconf 81' lang='grc' dir='ltr'>όντηγωνίσατο</span> 
     </span>
     <span class='ocr_line' id='line_1_104' title="bbox 1041 3259 1805 3324; baseline 0 -16"><span class='ocrx_word' id='word_1_747' title='bbox 1041 3261 1164 3324; x_wconf 61' lang='lat' dir='ltr'>Rupilias,</span> <span class='ocrx_word' id='word_1_748' title='bbox 1185 3260 1231 3309; x_wconf 81' lang='grc' dir='ltr'>οὐκ</span> <span class='ocrx_word' id='word_1_749' title='bbox 1250 3260 1328 3314; x_wconf 82' lang='grc' dir='ltr'>όρόιῖις</span> <span class='ocrx_word' id='word_1_750' title='bbox 1347 3259 1497 3322; x_wconf 75' lang='grc' dir='ltr'>δογματίζειν</span> <span class='ocrx_word' id='word_1_751' title='bbox 1516 3259 1620 3322; x_wconf 72' lang='grc' dir='ltr'>ἐλέγχων</span> <span class='ocrx_word' id='word_1_752' title='bbox 1642 3259 1684 3308; x_wconf 84' lang='grc' dir='ltr'>τόν</span> <span class='ocrx_word' id='word_1_753' title='bbox 1708 3261 1805 3308; x_wconf 67' lang='lat' dir='ltr'>eruat&gt;-</span> 
     </span>
     <span class='ocr_line' id='line_1_105' title="bbox 1041 3324 1804 3388; baseline -0.003 -14"><span class='ocrx_word' id='word_1_754' title='bbox 1041 3343 1114 3385; x_wconf 82' lang='grc' dir='ltr'>ρητον</span> <span class='ocrx_word' id='word_1_755' title='bbox 1134 3327 1188 3375; x_wconf 87' lang='grc' dir='ltr'>κτλ.</span> <span class='ocrx_word' id='word_1_756' title='bbox 1214 3352 1244 3361; x_wconf 99' lang='grc'>-</span> <span class='ocrx_word' id='word_1_757' title='bbox 1270 3325 1309 3374; x_wconf 89' lang='lat' dir='ltr'>De</span> <span class='ocrx_word' id='word_1_758' title='bbox 1333 3324 1434 3374; x_wconf 89' lang='lat' dir='ltr'>Joanne</span> <span class='ocrx_word' id='word_1_759' title='bbox 1464 3324 1724 3388; x_wconf 69' lang='lat' dir='ltr'>metropoiuuchaii.</span> <span class='ocrx_word' id='word_1_760' title='bbox 1749 3325 1804 3374; x_wconf 79' lang='lat' dir='ltr'>vid.</span> 
     </span>
     <span class='ocr_line' id='line_1_106' title="bbox 1041 3387 1805 3454; baseline -0.003 -14"><span class='ocrx_word' id='word_1_761' title='bbox 1041 3391 1121 3441; x_wconf 87' lang='lat' dir='ltr'>Pselli</span> <span class='ocrx_word' id='word_1_762' title='bbox 1136 3391 1229 3454; x_wconf 83' lang='grc' dir='ltr'>ἑγκώμ.</span> <span class='ocrx_word' id='word_1_763' title='bbox 1245 3391 1277 3443; x_wconf 78' lang='grc' dir='ltr'>είς</span> <span class='ocrx_word' id='word_1_764' title='bbox 1294 3387 1407 3446; x_wconf 83' lang='grc' dir='ltr'>’ίωοίννην</span> <span class='ocrx_word' id='word_1_765' title='bbox 1419 3391 1446 3438; x_wconf 95' lang='lat' dir='ltr'>in</span> <span class='ocrx_word' id='word_1_766' title='bbox 1456 3405 1480 3439; x_wconf 85' lang='lat' dir='ltr'>v.</span> <span class='ocrx_word' id='word_1_767' title='bbox 1494 3390 1563 3440; x_wconf 84' lang='lat' dir='ltr'>doct.</span> <span class='ocrx_word' id='word_1_768' title='bbox 1577 3390 1665 3440; x_wconf 73' lang='lat' dir='ltr'>satha</span> <span class='ocrx_word' id='word_1_769' title='bbox 1679 3389 1805 3440; x_wconf 77' lang='lat' dir='ltr'>aititoii.</span> 
     </span>
     <span class='ocr_line' id='line_1_107' title="bbox 1040 3457 1475 3522; baseline 0 -16"><span class='ocrx_word' id='word_1_770' title='bbox 1040 3474 1081 3522; x_wconf 76' lang='lat' dir='ltr'>pr.</span> <span class='ocrx_word' id='word_1_771' title='bbox 1094 3457 1162 3507; x_wconf 86' lang='lat' dir='ltr'>med.</span> <span class='ocrx_word' id='word_1_772' title='bbox 1174 3457 1223 3506; x_wconf 79' lang='lat' dir='ltr'>avi</span> <span class='ocrx_word' id='word_1_773' title='bbox 1233 3463 1251 3504; x_wconf 93' lang='lat' dir='ltr'>t.</span> <span class='ocrx_word' id='word_1_774' title='bbox 1267 3457 1300 3514; x_wconf 86' lang='lat' dir='ltr'>V,</span> <span class='ocrx_word' id='word_1_775' title='bbox 1315 3471 1341 3519; x_wconf 92' lang='lat' dir='ltr'>p.</span> <span class='ocrx_word' id='word_1_776' title='bbox 1359 3457 1404 3504; x_wconf 88' lang='grc'>112</span> <span class='ocrx_word' id='word_1_777' title='bbox 1417 3471 1475 3520; x_wconf 88' lang='lat' dir='ltr'>sqq.</span> 
     </span>
    </p>
   </div>
   <div class='ocr_carea' id='block_1_18' title="bbox 1039 3584 1806 4179">
    <p class='ocr_par' dir='ltr' id='par_1_18' title="bbox 1039 3584 1806 4179">
     <span class='ocr_line' id='line_1_108' title="bbox 1073 3584 1806 3652; baseline 0 -16"><span class='ocrx_word' id='word_1_778' title='bbox 1073 3587 1174 3637; x_wconf 86' lang='lat' dir='ltr'>CDXll.</span> <span class='ocrx_word' id='word_1_779' title='bbox 1202 3587 1321 3646; x_wconf 76' lang='lat' dir='ltr'>Venetia,</span> <span class='ocrx_word' id='word_1_780' title='bbox 1347 3586 1372 3635; x_wconf 89' lang='lat' dir='ltr'>in</span> <span class='ocrx_word' id='word_1_781' title='bbox 1397 3587 1452 3635; x_wconf 87' lang='lat' dir='ltr'>aede</span> <span class='ocrx_word' id='word_1_782' title='bbox 1476 3587 1504 3637; x_wconf 91' lang='lat' dir='ltr'>S.</span> <span class='ocrx_word' id='word_1_783' title='bbox 1523 3584 1616 3636; x_wconf 87' lang='lat' dir='ltr'>Marci.</span> <span class='ocrx_word' id='word_1_784' title='bbox 1633 3585 1721 3636; x_wconf 80' lang='lat' dir='ltr'>Edidit</span> <span class='ocrx_word' id='word_1_785' title='bbox 1742 3601 1806 3652; x_wconf 84' lang='lat' dir='ltr'>posi</span> 
     </span>
     <span class='ocr_line' id='line_1_109' title="bbox 1040 3651 1803 3717; baseline 0 -15"><span class='ocrx_word' id='word_1_786' title='bbox 1040 3653 1106 3702; x_wconf 85' lang='lat' dir='ltr'>alios</span> <span class='ocrx_word' id='word_1_787' title='bbox 1120 3657 1197 3717; x_wconf 85' lang='lat' dir='ltr'>(quos</span> <span class='ocrx_word' id='word_1_788' title='bbox 1209 3651 1268 3702; x_wconf 82' lang='lat' dir='ltr'>ride</span> <span class='ocrx_word' id='word_1_789' title='bbox 1285 3667 1328 3716; x_wconf 92' lang='lat' dir='ltr'>ap.</span> <span class='ocrx_word' id='word_1_790' title='bbox 1345 3655 1414 3712; x_wconf 85' lang='lat' dir='ltr'>cuin)</span> <span class='ocrx_word' id='word_1_791' title='bbox 1426 3651 1567 3702; x_wconf 85' lang='lat' dir='ltr'>Kircbhoil&#39;</span> <span class='ocrx_word' id='word_1_792' title='bbox 1574 3691 1579 3702; x_wconf 94' lang='lat'>.</span> <span class='ocrx_word' id='word_1_793' title='bbox 1589 3651 1616 3701; x_wconf 92' lang='lat' dir='ltr'>in</span> <span class='ocrx_word' id='word_1_794' title='bbox 1630 3653 1706 3716; x_wconf 75' lang='lat' dir='ltr'>Coip.</span> <span class='ocrx_word' id='word_1_795' title='bbox 1721 3653 1803 3702; x_wconf 81' lang='lat' dir='ltr'>inser.</span> 
     </span>
     <span class='ocr_line' id='line_1_110' title="bbox 1039 3718 1802 3783; baseline 0 -15"><span class='ocrx_word' id='word_1_796' title='bbox 1039 3735 1080 3783; x_wconf 75' lang='lat' dir='ltr'>gr.</span> <span class='ocrx_word' id='word_1_797' title='bbox 1103 3727 1122 3770; x_wconf 89' lang='lat' dir='ltr'>t.</span> <span class='ocrx_word' id='word_1_798' title='bbox 1144 3721 1188 3774; x_wconf 82' lang='lat' dir='ltr'>iv.</span> <span class='ocrx_word' id='word_1_799' title='bbox 1209 3734 1236 3782; x_wconf 94' lang='lat' dir='ltr'>p.</span> <span class='ocrx_word' id='word_1_800' title='bbox 1262 3720 1320 3777; x_wconf 90' lang='grc'><strong>329,</strong></span> <span class='ocrx_word' id='word_1_801' title='bbox 1339 3733 1365 3768; x_wconf 93' lang='lat' dir='ltr'>n.</span> <span class='ocrx_word' id='word_1_802' title='bbox 1388 3719 1463 3768; x_wconf 85' lang='grc'><strong>6766.</strong></span> <span class='ocrx_word' id='word_1_803' title='bbox 1484 3745 1515 3756; x_wconf 93' lang='lat'>-</span> <span class='ocrx_word' id='word_1_804' title='bbox 1536 3719 1706 3781; x_wconf 85' lang='lat' dir='ltr'>Imperatoris</span> <span class='ocrx_word' id='word_1_805' title='bbox 1723 3718 1802 3768; x_wconf 91' lang='lat' dir='ltr'>istius</span> 
     </span>
     <span class='ocr_line' id='line_1_111' title="bbox 1043 3782 1805 3849; baseline 0.005 -20"><span class='ocrx_word' id='word_1_806' title='bbox 1043 3807 1054 3829; x_wconf 73' lang='grc' dir='ltr'>ν</span> <span class='ocrx_word' id='word_1_807' title='bbox 1070 3799 1149 3849; x_wconf 89' lang='lat' dir='ltr'>quum</span> <span class='ocrx_word' id='word_1_808' title='bbox 1164 3785 1265 3834; x_wconf 90' lang='lat' dir='ltr'>dicatur</span> <span class='ocrx_word' id='word_1_809' title='bbox 1281 3800 1320 3834; x_wconf 84' lang='lat' dir='ltr'>ve.</span> <span class='ocrx_word' id='word_1_810' title='bbox 1342 3785 1367 3834; x_wconf 84' lang='lat' dir='ltr'>l.</span> <span class='ocrx_word' id='word_1_811' title='bbox 1383 3783 1471 3835; x_wconf 83' lang='lat' dir='ltr'>uxoris</span> <span class='ocrx_word' id='word_1_812' title='bbox 1490 3785 1579 3834; x_wconf 84' lang='lat' dir='ltr'>irenes</span> <span class='ocrx_word' id='word_1_813' title='bbox 1597 3799 1691 3833; x_wconf 86' lang='lat' dir='ltr'>nornen</span> <span class='ocrx_word' id='word_1_814' title='bbox 1708 3782 1805 3844; x_wconf 75' lang='lat' dir='ltr'>fuisse,</span> 
     </span>
     <span class='ocr_line' id='line_1_112' title="bbox 1043 3849 1801 3915; baseline -0.001 -15"><span class='ocrx_word' id='word_1_815' title='bbox 1043 3865 1195 3915; x_wconf 89' lang='lat' dir='ltr'>persuasum</span> <span class='ocrx_word' id='word_1_816' title='bbox 1217 3857 1257 3899; x_wconf 88' lang='lat' dir='ltr'>est</span> <span class='ocrx_word' id='word_1_817' title='bbox 1275 3865 1334 3900; x_wconf 92' lang='lat' dir='ltr'>eum</span> <span class='ocrx_word' id='word_1_818' title='bbox 1356 3865 1417 3900; x_wconf 87' lang='lat' dir='ltr'>esse</span> <span class='ocrx_word' id='word_1_819' title='bbox 1435 3849 1593 3900; x_wconf 87' lang='lat' dir='ltr'>Micbaclem</span> <span class='ocrx_word' id='word_1_820' title='bbox 1617 3850 1801 3913; x_wconf 83' lang='lat' dir='ltr'>Calaphatem‚</span> 
     </span>
     <span class='ocr_line' id='line_1_113' title="bbox 1042 3915 1804 3981; baseline 0.001 -16"><span class='ocrx_word' id='word_1_821' title='bbox 1042 3931 1128 3981; x_wconf 86' lang='lat' dir='ltr'>quem,</span> <span class='ocrx_word' id='word_1_822' title='bbox 1144 3915 1279 3980; x_wconf 80' lang='lat' dir='ltr'>flagitante</span> <span class='ocrx_word' id='word_1_823' title='bbox 1297 3916 1354 3981; x_wconf 86' lang='lat' dir='ltr'>ejus</span> <span class='ocrx_word' id='word_1_824' title='bbox 1371 3922 1464 3980; x_wconf 91' lang='lat' dir='ltr'>patruo</span> <span class='ocrx_word' id='word_1_825' title='bbox 1481 3915 1613 3964; x_wconf 88' lang='lat' dir='ltr'>Michaele</span> <span class='ocrx_word' id='word_1_826' title='bbox 1627 3915 1804 3979; x_wconf 71' lang='lat' dir='ltr'>Paphlagonia</span> 
     </span>
     <span class='ocr_line' id='line_1_114' title="bbox 1042 3979 1803 4046; baseline 0 -16"><span class='ocrx_word' id='word_1_827' title='bbox 1042 3989 1101 4046; x_wconf 86' lang='lat' dir='ltr'>post</span> <span class='ocrx_word' id='word_1_828' title='bbox 1120 3981 1211 4032; x_wconf 90' lang='lat' dir='ltr'>mariti</span> <span class='ocrx_word' id='word_1_829' title='bbox 1227 3989 1339 4032; x_wconf 88' lang='lat' dir='ltr'>mortem</span> <span class='ocrx_word' id='word_1_830' title='bbox 1357 3996 1426 4032; x_wconf 88' lang='lat' dir='ltr'>anno</span> <span class='ocrx_word' id='word_1_831' title='bbox 1444 3983 1505 4030; x_wconf 83' lang='grc'><strong>1611</strong></span> <span class='ocrx_word' id='word_1_832' title='bbox 1526 3979 1710 4045; x_wconf 87' lang='lat' dir='ltr'>imperatorem</span> <span class='ocrx_word' id='word_1_833' title='bbox 1728 3980 1803 4030; x_wconf 85' lang='lat' dir='ltr'>dixe-</span> 
     </span>
     <span class='ocr_line' id='line_1_115' title="bbox 1042 4045 1803 4112; baseline -0.001 -16"><span class='ocrx_word' id='word_1_834' title='bbox 1042 4055 1083 4097; x_wconf 84' lang='lat' dir='ltr'>rat</span> <span class='ocrx_word' id='word_1_835' title='bbox 1095 4049 1145 4098; x_wconf 88' lang='lat' dir='ltr'>Zoe</span> <span class='ocrx_word' id='word_1_836' title='bbox 1159 4049 1287 4112; x_wconf 85' lang='lat' dir='ltr'>Augusta,</span> <span class='ocrx_word' id='word_1_837' title='bbox 1305 4047 1388 4098; x_wconf 86' lang='lat' dir='ltr'>oculis</span> <span class='ocrx_word' id='word_1_838' title='bbox 1407 4047 1539 4112; x_wconf 80' lang='lat' dir='ltr'>privatum</span> <span class='ocrx_word' id='word_1_839' title='bbox 1560 4045 1683 4095; x_wconf 89' lang='lat' dir='ltr'>abdicare</span> <span class='ocrx_word' id='word_1_840' title='bbox 1703 4062 1730 4095; x_wconf 88' lang='lat' dir='ltr'>sc</span> <span class='ocrx_word' id='word_1_841' title='bbox 1749 4045 1803 4096; x_wconf 90' lang='lat' dir='ltr'>im-</span> 
     </span>
     <span class='ocr_line' id='line_1_116' title="bbox 1043 4111 1721 4179; baseline -0.006 -15"><span class='ocrx_word' id='word_1_842' title='bbox 1043 4113 1114 4179; x_wconf 87' lang='lat' dir='ltr'>perio</span> <span class='ocrx_word' id='word_1_843' title='bbox 1127 4113 1214 4177; x_wconf 82' lang='lat' dir='ltr'>coegit</span> <span class='ocrx_word' id='word_1_844' title='bbox 1226 4113 1317 4164; x_wconf 88' lang='lat' dir='ltr'>eadem</span> <span class='ocrx_word' id='word_1_845' title='bbox 1330 4127 1399 4164; x_wconf 90' lang='lat' dir='ltr'>anno</span> <span class='ocrx_word' id='word_1_846' title='bbox 1412 4113 1574 4177; x_wconf 88' lang='lat' dir='ltr'>insequente.</span> <span class='ocrx_word' id='word_1_847' title='bbox 1588 4131 1601 4156; x_wconf 87' lang='grc' dir='ltr'>ν</span> <span class='ocrx_word' id='word_1_848' title='bbox 1614 4111 1721 4162; x_wconf 80' lang='lat' dir='ltr'>Kirclilr.</span> 
     </span>
    </p>
   </div>
   <div class='ocr_carea' id='block_1_19' title="bbox 1042 4241 1805 4372">
    <p class='ocr_par' dir='ltr' id='par_1_19' title="bbox 1042 4241 1805 4372">
     <span class='ocr_line' id='line_1_117' title="bbox 1074 4241 1800 4306; baseline -0.008 -12"><span class='ocrx_word' id='word_1_849' title='bbox 1074 4245 1187 4294; x_wconf 87' lang='lat' dir='ltr'>CDXlll.</span> <span class='ocrx_word' id='word_1_850' title='bbox 1208 4243 1363 4294; x_wconf 88' lang='lat' dir='ltr'>Boissonad.</span> <span class='ocrx_word' id='word_1_851' title='bbox 1388 4244 1484 4295; x_wconf 75' lang='lat' dir='ltr'>Anccd.</span> <span class='ocrx_word' id='word_1_852' title='bbox 1504 4257 1545 4306; x_wconf 79' lang='lat' dir='ltr'>gr.</span> <span class='ocrx_word' id='word_1_853' title='bbox 1574 4249 1593 4292; x_wconf 91' lang='lat' dir='ltr'>t.</span> <span class='ocrx_word' id='word_1_854' title='bbox 1620 4241 1652 4296; x_wconf 84' lang='lat'>11.</span> <span class='ocrx_word' id='word_1_855' title='bbox 1683 4243 1732 4290; x_wconf 80' lang='lat' dir='ltr'>iia</span> <span class='ocrx_word' id='word_1_856' title='bbox 1753 4255 1800 4302; x_wconf 90' lang='lat' dir='ltr'>sq.</span> 
     </span>
     <span class='ocr_line' id='line_1_118' title="bbox 1042 4306 1805 4372; baseline -0.004 -14"><span class='ocrx_word' id='word_1_857' title='bbox 1042 4325 1074 4359; x_wconf 83' lang='lat' dir='ltr'>ex</span> <span class='ocrx_word' id='word_1_858' title='bbox 1096 4311 1154 4359; x_wconf 83' lang='lat' dir='ltr'>coil.</span> <span class='ocrx_word' id='word_1_859' title='bbox 1174 4309 1243 4360; x_wconf 91' lang='lat' dir='ltr'>Bibl.</span> <span class='ocrx_word' id='word_1_860' title='bbox 1264 4311 1341 4359; x_wconf 91' lang='lat' dir='ltr'>Publ.</span> <span class='ocrx_word' id='word_1_861' title='bbox 1364 4311 1450 4360; x_wconf 87' lang='lat' dir='ltr'>Paris.</span> <span class='ocrx_word' id='word_1_862' title='bbox 1470 4310 1545 4368; x_wconf 86' lang='grc'><strong>1636,</strong></span> <span class='ocrx_word' id='word_1_863' title='bbox 1563 4321 1588 4372; x_wconf 91' lang='lat' dir='ltr'>p.</span> <span class='ocrx_word' id='word_1_864' title='bbox 1610 4309 1667 4368; x_wconf 82' lang='grc'><strong>195,</strong></span> <span class='ocrx_word' id='word_1_865' title='bbox 1681 4309 1705 4355; x_wconf 85' lang='grc'>2.</span> <span class='ocrx_word' id='word_1_866' title='bbox 1724 4306 1805 4357; x_wconf 86' lang='lat' dir='ltr'>Satis</span> 
     </span>
    </p>
   </div>
   <div class='ocr_carea' id='block_1_20' title="bbox 1041 4373 1806 4572">
    <p class='ocr_par' dir='ltr' id='par_1_20' title="bbox 1041 4373 1806 4572">
     <span class='ocr_line' id='line_1_119' title="bbox 1041 4373 1805 4440; baseline -0.004 -16"><span class='ocrx_word' id='word_1_867' title='bbox 1041 4385 1151 4440; x_wconf 86' lang='lat' dir='ltr'>apparet</span> <span class='ocrx_word' id='word_1_868' title='bbox 1169 4375 1330 4440; x_wconf 86' lang='lat' dir='ltr'>epigramma</span> <span class='ocrx_word' id='word_1_869' title='bbox 1346 4377 1396 4426; x_wconf 91' lang='lat' dir='ltr'>hoc</span> <span class='ocrx_word' id='word_1_870' title='bbox 1418 4391 1475 4425; x_wconf 90' lang='lat' dir='ltr'>esse</span> <span class='ocrx_word' id='word_1_871' title='bbox 1494 4375 1526 4424; x_wconf 88' lang='lat' dir='ltr'>de</span> <span class='ocrx_word' id='word_1_872' title='bbox 1544 4373 1634 4422; x_wconf 87' lang='lat' dir='ltr'>tabula</span> <span class='ocrx_word' id='word_1_873' title='bbox 1655 4373 1725 4437; x_wconf 89' lang='lat' dir='ltr'>picta</span> <span class='ocrx_word' id='word_1_874' title='bbox 1746 4387 1805 4435; x_wconf 87' lang='lat' dir='ltr'>qna</span> 
     </span>
     <span class='ocr_line' id='line_1_120' title="bbox 1042 4437 1806 4505; baseline -0.005 -16"><span class='ocrx_word' id='word_1_875' title='bbox 1042 4443 1278 4505; x_wconf 81' lang='lat' dir='ltr'>repraesentabatur</span> <span class='ocrx_word' id='word_1_876' title='bbox 1298 4442 1371 4490; x_wconf 91' lang='lat' dir='ltr'>arch.</span> <span class='ocrx_word' id='word_1_877' title='bbox 1391 4440 1504 4490; x_wconf 84' lang='lat' dir='ltr'>Micliael</span> <span class='ocrx_word' id='word_1_878' title='bbox 1523 4440 1606 4502; x_wconf 78' lang='lat' dir='ltr'>ligura</span> <span class='ocrx_word' id='word_1_879' title='bbox 1623 4444 1649 4488; x_wconf 86' lang='lat' dir='ltr'>et</span> <span class='ocrx_word' id='word_1_880' title='bbox 1664 4437 1806 4486; x_wconf 84' lang='lat' dir='ltr'>coloribus</span> 
     </span>
     <span class='ocr_line' id='line_1_121' title="bbox 1041 4503 1803 4572; baseline -0.008 -16"><span class='ocrx_word' id='word_1_881' title='bbox 1041 4507 1134 4570; x_wconf 90' lang='lat' dir='ltr'>quibus</span> <span class='ocrx_word' id='word_1_882' title='bbox 1149 4507 1256 4572; x_wconf 84' lang='lat' dir='ltr'>depingi</span> <span class='ocrx_word' id='word_1_883' title='bbox 1267 4508 1377 4556; x_wconf 87' lang='lat' dir='ltr'>solebat.</span> <span class='ocrx_word' id='word_1_884' title='bbox 1389 4534 1418 4544; x_wconf 93' lang='lat'>-</span> <span class='ocrx_word' id='word_1_885' title='bbox 1432 4507 1478 4556; x_wconf 86' lang='lat' dir='ltr'>Vs.</span> <span class='ocrx_word' id='word_1_886' title='bbox 1492 4509 1515 4554; x_wconf 82' lang='lat'>5.</span> <span class='ocrx_word' id='word_1_887' title='bbox 1533 4505 1571 4553; x_wconf 86' lang='lat' dir='ltr'>Ci.</span> <span class='ocrx_word' id='word_1_888' title='bbox 1587 4519 1659 4568; x_wconf 89' lang='lat' dir='ltr'>supr.</span> <span class='ocrx_word' id='word_1_889' title='bbox 1669 4519 1695 4552; x_wconf 91' lang='lat' dir='ltr'>n.</span> <span class='ocrx_word' id='word_1_890' title='bbox 1708 4503 1803 4552; x_wconf 72' lang='grc'><strong>3731.</strong></span> 
     </span>
    </p>
   </div>
   <div class='ocr_carea' id='block_1_21' title="bbox 1035 4635 1806 5162">
    <p class='ocr_par' dir='ltr' id='par_1_21' title="bbox 1035 4635 1806 5162">
     <span class='ocr_line' id='line_1_122' title="bbox 1071 4635 1803 4700; baseline -0.012 -9"><span class='ocrx_word' id='word_1_891' title='bbox 1071 4641 1184 4690; x_wconf 82' lang='lat' dir='ltr'>coxtv.</span> <span class='ocrx_word' id='word_1_892' title='bbox 1208 4638 1362 4689; x_wconf 86' lang='lat' dir='ltr'>Boissoiiad.</span> <span class='ocrx_word' id='word_1_893' title='bbox 1378 4637 1444 4686; x_wconf 81' lang='lat' dir='ltr'>ibid.</span> <span class='ocrx_word' id='word_1_894' title='bbox 1467 4643 1486 4686; x_wconf 93' lang='lat' dir='ltr'>t.</span> <span class='ocrx_word' id='word_1_895' title='bbox 1506 4637 1538 4698; x_wconf 90' lang='grc' dir='ltr'><strong>ΙΙ,</strong></span> <span class='ocrx_word' id='word_1_896' title='bbox 1562 4652 1586 4700; x_wconf 94' lang='lat' dir='ltr'>p.</span> <span class='ocrx_word' id='word_1_897' title='bbox 1613 4637 1674 4692; x_wconf 87' lang='grc'><strong>176,</strong></span> <span class='ocrx_word' id='word_1_898' title='bbox 1692 4649 1722 4682; x_wconf 83' lang='lat' dir='ltr'>ex</span> <span class='ocrx_word' id='word_1_899' title='bbox 1737 4635 1803 4683; x_wconf 90' lang='lat' dir='ltr'>cod.</span> 
     </span>
     <span class='ocr_line' id='line_1_123' title="bbox 1037 4699 1806 4764; baseline -0.012 -8"><span class='ocrx_word' id='word_1_900' title='bbox 1037 4707 1096 4758; x_wconf 86' lang='lat' dir='ltr'>cod.</span> <span class='ocrx_word' id='word_1_901' title='bbox 1110 4706 1218 4756; x_wconf 86' lang='lat' dir='ltr'>Lemma</span> <span class='ocrx_word' id='word_1_902' title='bbox 1232 4703 1331 4754; x_wconf 89' lang='lat' dir='ltr'>addidit</span> <span class='ocrx_word' id='word_1_903' title='bbox 1347 4724 1359 4748; x_wconf 81' lang='grc' dir='ltr'>ν</span> <span class='ocrx_word' id='word_1_904' title='bbox 1373 4703 1438 4752; x_wconf 86' lang='lat' dir='ltr'>duce</span> <span class='ocrx_word' id='word_1_905' title='bbox 1449 4700 1579 4752; x_wconf 86' lang='lat' dir='ltr'>sententia</span> <span class='ocrx_word' id='word_1_906' title='bbox 1594 4719 1617 4759; x_wconf 85' lang='grc' dir='ltr'>ν,</span> <span class='ocrx_word' id='word_1_907' title='bbox 1631 4715 1688 4764; x_wconf 85' lang='lat' dir='ltr'>ques</span> <span class='ocrx_word' id='word_1_908' title='bbox 1704 4699 1806 4749; x_wconf 85' lang='lat' dir='ltr'>eadem</span> 
     </span>
     <span class='ocr_line' id='line_1_124' title="bbox 1037 4766 1804 4838; baseline -0.007 -17"><span class='ocrx_word' id='word_1_909' title='bbox 1037 4781 1077 4821; x_wconf 90' lang='lat' dir='ltr'>est</span> <span class='ocrx_word' id='word_1_910' title='bbox 1086 4771 1298 4838; x_wconf 67' lang='lat' dir='ltr'>acfpraecedentis</span> <span class='ocrx_word' id='word_1_911' title='bbox 1310 4767 1511 4833; x_wconf 86' lang='lat' dir='ltr'>epigrammatii.</span> <span class='ocrx_word' id='word_1_912' title='bbox 1523 4766 1611 4816; x_wconf 83' lang='lat' dir='ltr'>Edidit</span> <span class='ocrx_word' id='word_1_913' title='bbox 1622 4775 1648 4816; x_wconf 88' lang='lat' dir='ltr'>et</span> <span class='ocrx_word' id='word_1_914' title='bbox 1657 4766 1804 4816; x_wconf 86' lang='lat' dir='ltr'>Cramerus</span> 
     </span>
     <span class='ocr_line' id='line_1_125' title="bbox 1037 4831 1804 4907; baseline -0.008 -19"><span class='ocrx_word' id='word_1_915' title='bbox 1037 4839 1143 4901; x_wconf 77' lang='grc' dir='ltr'>(Αιιοοιί.</span> <span class='ocrx_word' id='word_1_916' title='bbox 1154 4855 1195 4903; x_wconf 75' lang='lat' dir='ltr'>qr.</span> <span class='ocrx_word' id='word_1_917' title='bbox 1209 4838 1293 4886; x_wconf 84' lang='lat' dir='ltr'>Poris.</span> <span class='ocrx_word' id='word_1_918' title='bbox 1309 4851 1340 4885; x_wconf 84' lang='lat' dir='ltr'>ex</span> <span class='ocrx_word' id='word_1_919' title='bbox 1355 4835 1444 4884; x_wconf 86' lang='lat' dir='ltr'>codice</span> <span class='ocrx_word' id='word_1_920' title='bbox 1464 4835 1521 4894; x_wconf 85' lang='grc'><strong>352,</strong></span> <span class='ocrx_word' id='word_1_921' title='bbox 1537 4840 1556 4883; x_wconf 91' lang='lat' dir='ltr'>t.</span> <span class='ocrx_word' id='word_1_922' title='bbox 1570 4833 1614 4892; x_wconf 83' lang='lat' dir='ltr'>lV,</span> <span class='ocrx_word' id='word_1_923' title='bbox 1631 4847 1657 4895; x_wconf 93' lang='lat' dir='ltr'>p.</span> <span class='ocrx_word' id='word_1_924' title='bbox 1675 4831 1733 4907; x_wconf 78' lang='grc'><strong>361)</strong></span> <span class='ocrx_word' id='word_1_925' title='bbox 1748 4833 1804 4882; x_wconf 87' lang='lat' dir='ltr'>sub</span> 
     </span>
     <span class='ocr_line' id='line_1_126' title="bbox 1037 4897 1804 4971; baseline -0.008 -19"><span class='ocrx_word' id='word_1_926' title='bbox 1037 4905 1085 4953; x_wconf 87' lang='lat' dir='ltr'>lioc</span> <span class='ocrx_word' id='word_1_927' title='bbox 1106 4905 1218 4954; x_wconf 87' lang='lat' dir='ltr'>lemnate</span> <span class='ocrx_word' id='word_1_928' title='bbox 1237 4903 1278 4958; x_wconf 83' lang='grc' dir='ltr'>Εἰς</span> <span class='ocrx_word' id='word_1_929' title='bbox 1300 4902 1342 4952; x_wconf 84' lang='grc' dir='ltr'>τὸν</span> <span class='ocrx_word' id='word_1_930' title='bbox 1368 4899 1592 4966; x_wconf 82' lang='grc' dir='ltr'>Ἀρχιστράτηγον,</span> <span class='ocrx_word' id='word_1_931' title='bbox 1615 4911 1730 4962; x_wconf 87' lang='lat' dir='ltr'>pessima</span> <span class='ocrx_word' id='word_1_932' title='bbox 1746 4897 1804 4971; x_wconf 40' lang='lat' dir='ltr'>&#39;in-</span> 
     </span>
     <span class='ocr_line' id='line_1_127' title="bbox 1036 4963 1802 5038; baseline -0.008 -19"><span class='ocrx_word' id='word_1_933' title='bbox 1036 4969 1224 5032; x_wconf 77' lang='lat' dir='ltr'>terpunctione</span> <span class='ocrx_word' id='word_1_934' title='bbox 1238 4969 1285 5018; x_wconf 84' lang='lat' dir='ltr'>Vs.</span> <span class='ocrx_word' id='word_1_935' title='bbox 1305 4969 1329 5018; x_wconf 88' lang='lat' dir='ltr'>i.</span> <span class='ocrx_word' id='word_1_936' title='bbox 1340 4967 1462 5028; x_wconf 64' lang='lat' dir='ltr'>eramer.</span> <span class='ocrx_word' id='word_1_937' title='bbox 1476 4965 1517 5016; x_wconf 83' lang='lat' dir='ltr'>cb.</span> <span class='ocrx_word' id='word_1_938' title='bbox 1535 4991 1568 5001; x_wconf 93' lang='lat'>-</span> <span class='ocrx_word' id='word_1_939' title='bbox 1584 4963 1625 5013; x_wconf 83' lang='lat' dir='ltr'>Ex</span> <span class='ocrx_word' id='word_1_940' title='bbox 1638 4977 1694 5026; x_wconf 89' lang='lat' dir='ltr'>seq.</span> <span class='ocrx_word' id='word_1_941' title='bbox 1709 4977 1802 5038; x_wconf 69' lang='lat' dir='ltr'>epigr.</span> 
     </span>
     <span class='ocr_line' id='line_1_128' title="bbox 1036 5029 1803 5099; baseline -0.004 -17"><span class='ocrx_word' id='word_1_942' title='bbox 1036 5035 1111 5084; x_wconf 80' lang='lat' dir='ltr'>sicile</span> <span class='ocrx_word' id='word_1_943' title='bbox 1130 5033 1254 5099; x_wconf 86' lang='lat' dir='ltr'>conjicias</span> <span class='ocrx_word' id='word_1_944' title='bbox 1268 5031 1357 5083; x_wconf 90' lang='lat' dir='ltr'>induci</span> <span class='ocrx_word' id='word_1_945' title='bbox 1376 5031 1502 5097; x_wconf 89' lang='lat' dir='ltr'>pictorem</span> <span class='ocrx_word' id='word_1_946' title='bbox 1519 5029 1678 5094; x_wconf 88' lang='lat' dir='ltr'>loquentem,</span> <span class='ocrx_word' id='word_1_947' title='bbox 1693 5030 1803 5094; x_wconf 82' lang='lat' dir='ltr'>sibique</span> 
     </span>
     <span class='ocr_line' id='line_1_129' title="bbox 1035 5098 1579 5162; baseline -0.011 -11"><span class='ocrx_word' id='word_1_948' title='bbox 1035 5101 1123 5151; x_wconf 89' lang='lat' dir='ltr'>omnia</span> <span class='ocrx_word' id='word_1_949' title='bbox 1137 5103 1214 5160; x_wconf 83' lang='lat' dir='ltr'>bona,</span> <span class='ocrx_word' id='word_1_950' title='bbox 1227 5099 1340 5150; x_wconf 88' lang='lat' dir='ltr'>inimicis</span> <span class='ocrx_word' id='word_1_951' title='bbox 1354 5098 1422 5149; x_wconf 87' lang='lat' dir='ltr'>mala</span> <span class='ocrx_word' id='word_1_952' title='bbox 1436 5105 1579 5162; x_wconf 85' lang='lat' dir='ltr'>optantem.</span> 
     </span>
    </p>
   </div>
   <div class='ocr_carea' id='block_1_22' title="bbox 1068 5224 1802 5293">
    <p class='ocr_par' dir='ltr' id='par_1_22' title="bbox 1068 5224 1802 5293">
     <span class='ocr_line' id='line_1_130' title="bbox 1068 5224 1802 5293; baseline -0.004 -12"><span class='ocrx_word' id='word_1_953' title='bbox 1068 5233 1168 5284; x_wconf 78' lang='lat' dir='ltr'>CDXV.</span> <span class='ocrx_word' id='word_1_954' title='bbox 1191 5229 1347 5282; x_wconf 85' lang='lat' dir='ltr'>Boissonad.</span> <span class='ocrx_word' id='word_1_955' title='bbox 1365 5228 1428 5280; x_wconf 82' lang='lat' dir='ltr'>ibid.</span> <span class='ocrx_word' id='word_1_956' title='bbox 1450 5235 1469 5278; x_wconf 91' lang='lat' dir='ltr'>t.</span> <span class='ocrx_word' id='word_1_957' title='bbox 1489 5229 1522 5289; x_wconf 85' lang='lat' dir='ltr'>ii,</span> <span class='ocrx_word' id='word_1_958' title='bbox 1539 5243 1565 5293; x_wconf 93' lang='lat' dir='ltr'>p.</span> <span class='ocrx_word' id='word_1_959' title='bbox 1585 5227 1642 5287; x_wconf 85' lang='grc'><strong>176,</strong></span> <span class='ocrx_word' id='word_1_960' title='bbox 1658 5240 1691 5276; x_wconf 88' lang='lat' dir='ltr'>ex</span> <span class='ocrx_word' id='word_1_961' title='bbox 1709 5224 1802 5278; x_wconf 82' lang='lat' dir='ltr'>codic.</span> 
     </span>
    </p>
   </div>
   <div class='ocr_carea' id='block_1_23' title="bbox 0 0 1936 6016">
    <p class='ocr_par' dir='ltr' id='par_1_23' title="bbox 0 0 1936 6016">
     <span class='ocr_line' id='line_1_131' title="bbox 0 0 1936 6016; baseline 0 6"><span class='ocrx_word' id='word_1_962' title='bbox 0 0 1936 6016; x_wconf 95' lang='lat' dir='ltr'> </span> 
     </span>
    </p>
   </div>
  </div>
 </body>
</html>
