3858 6018
286 409 342 466 tl8
740 395 998 458 ANTHOLOGIAE
1018 391 1168 452 uRAEuAE
1189 391 1414 452 APPENDlClS

289 543 423 602 έκπτωτος
437 541 512 594 ἔσται
524 540 573 606 τῆς
585 519 653 590 litte
665 531 844 610 κληρουχίας,

288 630 395 691 καὶτὰς
409 629 477 704 ἀράς
489 621 595 690 δέξαιτο
609 624 657 685 τὰς
669 624 721 674 τῶν
735 622 858 696 πατέρων

288 720 335 772 καὶ
347 719 408 794 χεὶρ
423 713 485 770 θεοῦ
500 715 626 786 ποίνιμος
639 709 721 764 αὐτὸν
734 706 896 784 προφθάσοι.

587 851 655 908 tto.
677 857 773 906 sano.

288 979 308 1031 Τ
310 978 340 1030 όν
354 977 419 1030 ναόν
435 975 507 1036 ὅστις
519 977 614 1028 τοῦτον
629 974 727 1036 ιέσέεις,
744 966 813 1040 ξένε,

289 1063 368 1142 δεῦρο
383 1059 526 1142 πρόσιλθι,
539 1058 617 1116 τόνδε
631 1062 676 1116 τόν
688 1063 774 1136 τάφον
789 1061 895 1112 σκόπει·

289 1149 366 1229 ἀνδρὶ
376 1153 429 1228 γάρ
445 1147 521 1205 ένδον
535 1151 567 1204 οὐ
581 1148 661 1212 κλέος
677 1151 748 1224 μέγα
763 1149 852 1224 φέρει,

289 1244 317 1294 ἐκ
334 1243 382 1316 μέν
396 1243 491 1316 γένους
502 1240 556 1315 γάρ
571 1233 650 1294 οὗτοι
664 1234 792 1298 εὐκλεοῦς
804 1235 853 1310 έφυ

263 1331 335 1398 ὅσης
347 1329 494 1405 πατρικίων
509 1327 626 1403 εὐφυοῦς
638 1321 715 1402 ρέζης
728 1319 830 1386 κλάδος

287 1413 473 1492 συγκλητικῶν
487 1434 516 1468 τι
529 1415 652 1490 πατέρων
666 1416 714 1467 καὶ
726 1411 879 1466 πλουσίων·

286 1507 316 1558 έκ
330 1502 354 1558 δ’
370 1501 405 1558 αύ
418 1503 511 1580 ψυχῆς
524 1505 642 1579 πέφυκεν
657 1503 854 1577 ιύγενιστέρες,

286 1595 383 1655 πάσαις
397 1594 505 1670 χάρισιν
516 1591 617 1668 άρετών
630 1590 811 1664 κικκσμένης.

285 1666 425 1736 έέκάλλυνε
440 1676 532 1748 δέτὴν
546 1681 622 1754 φύσιν
635 1678 791 1754 προαιρέσει

246 1783 272 1828 10
284 1771 330 1824 καὶ
343 1772 507 1844 κατικόσμιι
520 1765 706 1842 λαμπρότητα
717 1766 765 1820 τοῦ
779 1765 874 1839 γένους

283 1861 334 1912 τῶν
349 1859 449 1934 άριτῦν
460 1859 555 1934 χάρισι
566 1855 801 1932 παντοιοτρόποις.

282 1929 350 2001 λλλ’
364 1941 428 2001 ούδέ
441 1944 560 2007 πλοῦτος
574 1939 639 1998 οὐδέ
651 1940 816 2019 λαμπρότης
829 1943 934 2012 νένους,

283 2035 333 2088 οῦκ
347 2035 448 2111 άρετῦν
462 2035 583 2110 χάριτις,
599 2033 631 2086 ού
646 2025 716 2095 δόξα
730 2029 803 2105 βίου,

281 2123 394 2199 ἴσχυσαν
411 2122 484 2195 αύτῷ
496 2123 546 2175 τοῦ
560 2117 656 2182 τέλους
666 2117 840 2194 πιφθακότυς

243 2221 270 2266 15
281 2208 396 2264 θάνατον
412 2206 569 2284 ἀμύνασθαι
583 2207 630 2262 τόν
647 2205 837 2282 βροτοκτόνον,

281 2296 355 2352 ἀλλὰ
371 2295 466 2374 φθάνει
478 2299 525 2352 καὶ
536 2299 633 2352 τοῦτον
649 2295 719 2372 αέριι
731 2297 779 2349 τοῦ
799 2297 882 2368 μέσου

280 2389 326 2439 καὶ
339 2389 375 2462 τῷ
390 2389 504 2462 παρόντι
517 2381 721 2438 κατακαλύπτει
733 2384 770 2457 τῷ
784 2385 861 2456 τάφῳ

280 2471 371 2548 φλόγα
388 2472 480 2546 βαλών
496 2468 625 2526 άσύιστον
639 2471 666 2525 έν
681 2473 716 2546 τῇ
729 2467 838 2546 καρδίᾳ,

278 2564 325 2615 καὶ
340 2559 487 2637 σπλάγχνα
501 2555 586 2628 τήξας
599 2561 650 2628 τῆς
661 2555 793 2627 ταλαένης
808 2555 926 2634 συζύγου

237 2657 266 2702 oo
279 2653 403 2728 στέρησιν
416 2645 514 2726 ἀνδρὸς
528 2645 634 2724 ἀγαθοῦ
646 2644 823 2722 λυπουμένης

278 2739 325 2791 καὶ
336 2739 386 2806 τὴν
404 2740 533 2814 μόνωσιν,
550 2736 617 2812 πρός
629 2731 658 2789 δέ
672 2735 723 2806 τὴν
738 2736 872 2792 άτεκνέαν.

280 2825 403 2889 Ιέίτωνες
418 2825 500 2880 αὐτόν
515 2821 664 2900 δακρύουσι
678 2825 725 2878 καὶ
739 2820 824 2900 φίλοι,

279 2909 393 2984 ζητοῦσι
405 2914 452 2968 τόν
466 2916 576 2990 τροφῆα
589 2914 696 2988 πτωχοὶ
710 2913 757 2967 καὶ
771 2907 853 2977 ξένοι.

276 2983 343 3056 ιλλλ’
359 2997 423 3057 οὐδέ
436 3001 471 3056 τά
485 2997 591 3078 δάκρυα
602 3001 637 3054 τὰ
649 3003 699 3070 τῆς
712 2995 842 3076 συζύγου,

238 3095 266 3142 25
277 3091 309 3144 ού
324 3092 387 3154 τούς
401 3085 539 3166 ὀδυρμούς
550 3091 603 3143 τών
618 3085 704 3165 φίλων
718 3089 831 3144 καὶτῶν
846 3083 928 3152 ξένων

278 3177 392 3242 θάνατος
405 3179 581 3255 οἰκτεέρησεν,
598 3175 673 3232 ἀλλά
686 3173 815 3255 παρῖδιν·

278 3268 335 3344 έχιι
347 3269 400 3344 γάρ
416 3265 575 3342 άμειλικτον
590 3266 671 3329 ὄντως
683 3263 807 3342 καρδίαν.

277 3355 314 3410 Σὺ
330 3351 354 3408 δ’
371 3355 441 3419 όστις
455 3351 479 3409 al
495 3356 542 3410 καὶ
555 3350 633 3408 τόνδε
648 3355 694 3408 τόν
706 3356 792 3430 τάφον
810 3351 928 3428 βλέπεις,

275 3445 306 3496 τό
320 3445 368 3498 τοῦ
385 3441 446 3518 βίου
464 3445 578 3518 μάταιον
594 3439 658 3498 ένθα
673 3439 827 3517 μανθάνων,

237 3539 264 3586 :tt
275 3533 323 3586 τοῦ
337 3529 481 3594 τεθνεῶτος
495 3531 646 3608 ὑπιριύχου
663 3533 832 3608 προφρόνως,

275 3619 348 3682 ύπως
361 3617 438 3674 λύσιν
453 3617 558 3696 εὕροιτο
570 3622 623 3674 τῶν
638 3621 822 3695 έπτπισμένων

275 3707 321 3760 act
335 3709 452 3770 στάσεως
465 3709 577 3782 τύχοιτυ
590 3709 640 3776 τῆς
654 3702 789 3782 διξιτέρας

276 3795 302 3848 έν
314 3799 349 3870 τῇ
367 3791 460 3871 δικαία
472 3797 521 3849 τοῦ
532 3791 596 3849 θεοῦ
612 3798 710 3871 φρικτῇ
725 3795 819 3870 κρίσει,

275 3879 362 3936 θανών
378 3883 436 3946 έτυς
450 3885 593 3960 τρέχοντος
605 3881 688 3951 ἡλίου
702 3885 763 3938 τότε

236 3981 264 4028 35
274 3973 321 4025 τοῦ
336 3974 511 4048 γυροκόσμου
525 3969 665 4048 χιλιοστὸν
679 3965 767 4036 έξάκις

275 4059 321 4112 σὺν
335 4061 392 4122 τοῖς
406 4059 500 4113 έκατόν
517 4057 674 4122 ἀκολούθως
687 4058 795 4122 έπτάκις

273 4149 382 4232 χρόνοις
394 4145 477 4202 πάλιν
493 4141 522 4211 lt
535 4143 625 4202 τοῖσδε
639 4145 880 4224 προστεθειμένοις.

275 4221 391 4290 θῦννατον
404 4231 484 4312 ἦμαρ
496 4232 533 4305 ἦν
548 4219 735 4314 Ῐαννυυαρέου,
811 4275 813 4280 -

272 4321 420 4394 ένδικτυςή
436 4326 529 4402 πρώτη
546 4319 576 4378 δέ
590 4327 783 4400 συνισταμένη,

238 4413 263 4462 lll
274 4413 316 4467 ότι
332 4411 427 4489 ύυχην
443 4409 545 4467 δέδωκι
559 4411 651 4490 χερσὶν
664 4409 799 4488 ἀγγέλων,

518 4555 585 4614 747.
609 4549 788 4614 ΓΕΩΡΓΙΟΥ.

274 4679 312 4734 uo
329 4671 491 4756 δυξυμανών
506 4681 627 4755 ἀφρόνως
641 4679 792 4754 ἐπηρμένον

274 4767 375 4838 έστησα
389 4772 478 4830 κακῶς
490 4763 678 4821 λιθοσύνθττον
692 4767 788 4842 τάφον.

272 4855 317 4918 Τίς
330 4857 384 4932 γάρ
395 4853 479 4932 λόγος
492 4850 634 4924 σκώληκος
648 4850 849 4924 ιύτελιστάτυυ,

274 4943 324 4998 κᾶν
339 4945 366 4996 έν
380 4946 454 5017 τόπιρ
468 4944 612 5018 κρύπτοιτο
624 4942 818 5018 κοσμιωτάτῳς

250 5015 352 5086 5έιλλόι
367 5026 501 5101 συνειδώς,
518 5031 553 5092 ὡς
568 5025 682 5103 ύπόψιοι
692 5025 766 5082 λέθοι

273 5121 388 5196 γνώμην
403 5117 473 5191 έμὴν
486 5115 643 5193 κάμψουσιν
658 5117 695 5178 εἰς
706 5113 812 5192 κλήρου
829 5117 942 5194 μνήμην

274 5209 321 5264 καὶ
332 5203 455 5280 δακρύων
470 5201 558 5280 ῥόθιον
574 5201 718 5259 έλκύσουσέ
734 5222 790 5275 μοι,

1108 547 1205 586 exsors
1218 530 1271 586 erit
1285 529 1360 586 Edon
1374 527 1545 596 hereditatis,

1107 627 1135 675 et
1149 617 1360 692 imprecationes
1374 617 1493 690 accipiat
1504 624 1613 690 patrum

1106 715 1135 764 et
1147 723 1244 764 manus
1255 706 1300 763 dei
1314 705 1399 763 ultrix
1411 723 1474 762 cum
1488 713 1661 778 assequatur.

1399 849 1461 902 746.
1481 857 1581 898 acron.

1106 969 1246 1042 Templum
1260 968 1385 1044 quisquis
1398 969 1483 1025 hocce
1494 967 1658 1042 ingrederis,
1673 967 1787 1041 hospes,

1107 1058 1161 1113 huc
1175 1056 1285 1124 accede,
1301 1057 1354 1112 boc
1368 1056 1522 1129 sepulcrum
1537 1055 1629 1128 aspice
1645 1073 1651 1110 :

1107 1148 1165 1200 viro
1179 1162 1276 1218 nempe
1288 1145 1363 1201 intus
1377 1162 1432 1200 non
1446 1143 1561 1218 gloriam
1577 1161 1702 1216 magnam
1718 1143 1822 1210 aiiort3

1107 1251 1122 1290 e
1137 1251 1239 1308 genere
1254 1231 1326 1289 enim
1339 1233 1392 1289 iste
1407 1231 1528 1306 glorioso
1539 1240 1620 1288 natus
1634 1239 1675 1287 est

1107 1321 1280 1391 patriciorum
1295 1321 1447 1379 bene-nme
1461 1321 1561 1378 radicis
1574 1337 1666 1376 mmus

1106 1409 1375 1484 conscriptorumque
1388 1417 1498 1484 patrum
1512 1417 1541 1466 et
1554 1409 1668 1466 divitum
1685 1427 1691 1464 :

1106 1515 1201 1555 rursus
1214 1507 1305 1555 autem
1319 1499 1457 1556 exanimo
1470 1505 1552 1555 natus
1566 1505 1610 1554 est
1620 1500 1811 1571 generosiore.

1105 1585 1231 1642 omnibus
1244 1586 1375 1642 virtutum
1388 1585 1487 1660 gratiis
1498 1593 1603 1644 ornato.

1105 1673 1281 1748 Ornabatque
1294 1682 1420 1731 naturam
1433 1675 1524 1732 studio

1104 1771 1133 1820 et
1146 1763 1295 1820 decorabat
1307 1763 1457 1821 claritatem
1472 1763 1582 1837 generis

1104 1853 1235 1910 virtutum
1249 1854 1346 1926 gratiis
1360 1853 1531 1912 omnimodis.

1104 1941 1203 1996 Verum
1215 1957 1304 2015 neque
1315 1941 1417 2000 divitie
1428 1959 1517 2015 neque
1531 1940 1641 1997 claritas
1656 1942 1784 2014 generis,'

1102 2045 1158 2085 non
1171 2029 1302 2086 virtuttnn
1316 2029 1421 2102 gratim,
1434 2047 1489 2086 non
1503 2028 1591 2102 gloria
1603 2029 1674 2096 vitre,

1102 2117 1245 2174 valuerunt
1258 2117 1293 2174 sb
1305 2117 1417 2187 catino
1432 2117 1623 2191 preveniente,

1101 2213 1215 2262 mortem
1230 2205 1377 2262 defendere
1391 2205 1564 2268 homicidam.

1102 2293 1151 2350 sed
1165 2293 1328 2369 aggreditur
1339 2301 1368 2351 et
1380 2293 1454 2350 hunc
1467 2293 1537 2350 tollit
1550 2293 1585 2348 de
1598 2293 1687 2349 medio

1101 2389 1129 2438 et
1140 2381 1268 2454 prasenti
1282 2381 1401 2438 occultat
1414 2379 1550 2454 sepulcro,

1101 2468 1209 2526 flamma
1219 2467 1541 2544 qus-exstinguinequit
1554 2468 1655 2542 injecta
1668 2469 1695 2524 in
1708 2470 1804 2536 corde,

1099 2563 1127 2614 et
1138 2565 1249 2632 pectore
1262 2559 1421 2615 tabescente
1432 2557 1537 2614 misere
1552 2557 1677 2630 conjugis

1098 2663 1129 2702 se
1142 2647 1277 2720 privatam
1290 2647 1349 2704 viro
1363 2645 1435 2703 bono
1451 2645 1567 2703 dolentis

1098 2742 1127 2792 et
1141 2735 1169 2790 in
1188 2735 1344 2804 solitudine,
1358 2734 1525 2808 insuperque
1538 2733 1567 2788 in
1585 2735 1850 2807 puerorum-orbitat

1097 2823 1186 2880 Vicini
1200 2841 1262 2880 eum
1275 2823 1377 2879 deflent
1390 2829 1419 2878 et
1432 2821 1521 2890 amici,
1712 2823 1853 2894 [relictam
1922 2857 1923 2896 γ

1097 2910 1239 2984 requirunt
1252 2903 1414 2967 nutritorem
1428 2926 1564 2984 pauperes
1578 2915 1607 2965 et
1620 2910 1769 2983 peregrini.

1095 2999 1151 3056 Sed
1164 3017 1253 3074 neque
1266 2999 1392 3056 lacrimas
1407 2999 1542 3073 conjugis,

1095 3104 1183 3161 neque
1197 3087 1317 3145 lamenta
1329 3087 1476 3144 amicorum
1491 3094 1519 3144 et
1530 3087 1737 3162 peregrinorum

1094 3194 1169 3233 mors
1181 3176 1295 3234 miserta
1307 3185 1360 3244 eet,
1376 3177 1425 3233 sed
1439 3177 1562 3251 neglexit
1578 3194 1585 3232 :

1095 3263 1197 3322 immite
1212 3265 1284 3322 enim
1298 3265 1390 3339 reipsa
1404 3283 1451 3321 cor
1463 3265 1557 3322 habet.

1093 3355 1134 3411 Tu
1148 3361 1239 3412 eutem
1253 3353 1377 3428 quisquis
1387 3371 1417 3410 es
1429 3359 1458 3409 et
1471 3353 1554 3409 hocce
1570 3353 1722 3426 sepulcrum
1737 3353 1853 3426 espiers,

1093 3443 1156 3500 vitm
1170 3443 1319 3500 vanitatem
1332 3442 1377 3498 hlc
1391 3441 1514 3512 edoctus,

1093 3549 1144 3606 pro
1159 3537 1266 3588 mortuo
1280 3547 1393 3605 precare
1408 3528 1549 3599 benevole,

1048 3625 1052 3634 '
1092 3627 1124 3677 ut
1136 3620 1297 3678 solutionem
1311 3617 1432 3675 inveniat
1445 3617 1613 3686 delictorum,

1092 3715 1121 3766 et
1134 3709 1227 3766 sedem
1240 3707 1408 3782 adipiscatur
1422 3707 1562 3764 dexmram

1092 3800 1120 3856 in
1133 3800 1209 3874 justo
1222 3799 1417 3873 tremendoque
1431 3798 1482 3854 Dei
1493 3797 1606 3871 judicio,

1092 3894 1216 3946 mortuus
1230 3905 1330 3944 annum
1345 3886 1514 3962 percurrenti
1528 3885 1655 3942 soletum

1092 3975 1400 4050 qui-circuit-mundum,
1415 3974 1585 4032 millesimum
1599 3975 1688 4030 sexies

1092 4081 1153 4118 cum
1167 4069 1274 4122 centum
1288 4071 1487 4138 consequenter
1500 4062 1603 4136 septies

1091 4151 1261 4226 temporibus
1272 4154 1373 4208 αιιπωέτ
1388 4167 1438 4208 sex
1453 4149 1528 4206 bisce
1543 4150 1652 4207 additus.

1091 4242 1185 4298 Nonus
1196 4241 1255 4298 dies
1267 4249 1327 4298 erat
1341 4239 1472 4309 ianuarii,

1090 4331 1255 4404 indictioque
1269 4329 1358 4404 prima
1368 4327 1596 4398 constituebatur,

1090 4437 1151 4474 cum
1165 4419 1282 4474 animam
1295 4417 1409 4476 tradidit
1422 4415 1547 4472 manibus
1562 4415 1731 4488 angelorum.

1350 4559 1412 4614 747.
1433 4557 1589 4614 osorton.

1090 4685 1151 4740 Non
1165 4679 1406 4756 gloria-insaniens
1420 4679 1560 4736 dementer
1574 4678 1673 4734 elatum

1089 4771 1173 4828 statui
1186 4769 1255 4827 male
1267 4764 1599 4844 lapidibus-compositum
1614 4766 1778 4839 sepulcrum.

1090 4858 1156 4926 Quis
1170 4857 1242 4912 enim
1256 4871 1345 4910 sermo
1360 4859 1399 4910 est
1413 4853 1447 4908 de
1459 4867 1552 4910 verme
1566 4848 1707 4916 vilissimo,

1089 4945 1140 5002 etsi
1154 4944 1182 5000 in
1195 4943 1256 5000 luco
1271 4941 1404 4999 condatur
1416 4937 1608 4996 ornatissimo?

1088 5031 1145 5090 Sed
1158 5029 1284 5090 conscius
1294 5033 1354 5099 fore
1368 5035 1399 5085 ut
1409 5027 1529 5101 suspecti
1547 5026 1653 5101 lapides

1089 5118 1213 5178 notitiam
1224 5117 1277 5174 mei
1291 5117 1432 5172 flecterent
1445 5114 1474 5169 in
1485 5113 1550 5170 cleri
1561 5113 1716 5170 memoriam

1091 5215 1119 5264 et
1129 5205 1299 5263 lacrimarum
1310 5203 1409 5276 llumen
1422 5199 1592 5258 attraherent
1604 5199 1680 5270 mihi,
