3818 6012
258 399 296 458 τε
386 375 389 386 ’
715 361 974 470 anrnoroarra
996 409 1396 472 concurreramus

259 531 401 674 ἀρχιερεὺς
416 531 592 601 θεόπνευστος
608 535 737 615 ἐδείματο
753 539 856 604 κάλλος
872 543 988 619 ἄμετρον
1085 543 1348 600 summus-sacerdos
1376 543 1589 601 adeo-efflatus
1621 546 1771 605 edificavit
1798 549 1896 621 pul-t

260 615 276 695 β,
292 619 446 700 νπίπατρβος
456 622 624 701 κλυτόμηεις
637 625 824 706 ἀεθλοφόροος
839 629 896 707 μετ’
910 633 1026 707 ἀγῶνας,
1451 635 1620 708 [crumopus
1636 631 1874 710 immensumque

259 705 393 763 κυδαίνων
412 711 538 787 μεγάλως
553 712 713 794 θεομῆτορα
728 717 861 795 παρθένον
875 721 962 796 ἁγνὴν
1084 717 1230 795 Antipater
1242 721 1515 797 prudentia-inolitus
1526 731 1591 797 post
1603 723 1755 780 certamina
1769 725 1873 781 unde·
1895 713 1896 754 ί

228 802 243 847 δ
259 796 366 872 Μαρίαν
381 797 553 874 πολύϋμνον,
571 806 722 878 ὰκῆρατον,
737 803 928 882 αἰγλαίοδωρον.
1582 813 1868 888 [praemium-retulit,

1083 897 1411 971 magnagloria-etterens
1422 900 1594 960 dei-matrem
1602 903 1740 977 virginem
1749 913 1871 962 eostam
1895 929 1896 950 2

1085 983 1200 1041 Mariam
1215 985 1524 1060 multum-decantatam,
1541 990 1742 1061 intemeratam,
1762 992 1870 1068 splen·

1532 1079 1868 1152 [didadona-ferentem.
1895 1067 1896 1160 β

553 1227 621 1285 358.
638 1236 735 1286 ,trino
1382 1235 1442 1288 358.
1464 1241 1564 1286 aurun.

257 1337 345 1410 Ᾰλλοι
362 1357 409 1431 μὲν
428 1353 560 1430 βασιλῆες
574 1359 739 1434 ἐτιμήσαντο
755 1357 885 1426 θανόντας
1083 1357 1137 1414 Alii
1152 1361 1262 1434 quidem
1277 1380 1359 1436 reges
1373 1363 1544 1419 honoravere
1558 1371 1680 1421 mortuos
1895 1435 1896 1440 γ

259 1445 365 1522 ἀνέρας,
380 1441 416 1498 ὧν
432 1447 549 1516 ἀνόητος
564 1447 611 1516 έην
627 1451 719 1512 πόνος·
736 1449 872 1526 ἡμέτερος
886 1445 916 1504 et
1084 1447 1169 1517 viros,
1183 1467 1299 1522 quorum
1311 1467 1406 1506 amens
1420 1456 1480 1507 erat
1492 1450 1571 1507 lahor
1588 1469 1594 1507 :
1611 1459 1706 1508 noster
1721 1459 1817 1508 nutem
1895 1485 1896 1490 κ

259 1529 384 1603 εύσεδίην
399 1537 575 1612 σκηπτοῦχος
589 1519 768 1601 ίονστινιανδς
783 1533 868 1602 ἀέξων
1084 1535 1216 1610 pietatem
1231 1538 1385 1612 sceptriger
1397 1538 1569 1596 Justinianus
1582 1543 1728 1597 honoribus
1748 1557 1868 1613 augens

259 1622 369 1699 Σίργιον
385 1621 527 1698 αίγλῆεντ.
542 1620 621 1701 δόμῳ
637 1622 790 1703 θεράποντα
803 1629 925 1706 γεραίρει
966 1624 1029 1705 [των
1084 1625 1213 1698 Sergium
1228 1626 1464 1700 splendidadomo
1479 1626 1609 1683 famulum
1624 1636 1784 1686 muneratur
1895 1637 1896 1706 ξ

228 1710 373 1787 δΧριστοῦ
387 1710 606 1788 παμμεδίοντος·
628 1714 674 1768 τδν
689 1714 722 1769 οὐ
735 1715 819 1793 πυρός
834 1715 921 1792 ἀτμός
940 1716 1029 1771 άνάπ-
1085 1713 1188 1770 Christi
1203 1714 1450 1772 omnium-rectoris
1469 1733 1476 1770 ε
1494 1733 1574 1790 quem
1593 1734 1648 1773 non
1672 1717 1746 1790 ignis
1768 1733 1867 1791 vapor
1895 1713 1896 1774 l

258 1801 290 1854 ού
305 1797 389 1876 ξίφος,
408 1803 461 1878 οὐχ
476 1803 553 1878 ἑτέρη
574 1800 699 1877 βασάνων
716 1798 844 1880 ἐτάραξεν
860 1805 980 1880 ἀνάγκη,
1712 1805 1865 1878 [αύυεσιιιῃ
1895 1799 1896 1854 ί

258 1886 332 1944 ἀλλὰ
346 1885 409 1944 θεοῦ
424 1887 553 1959 τέτληκεν
571 1891 637 1968 ὑπὲρ
653 1892 779 1969 Χριστοῖο
796 1889 932 1968 δαμῆναι,
1084 1909 1135 1949 neo
1149 1893 1268 1967 gladius,
1284 1911 1338 1950 non
1355 1893 1408 1950 alia
1420 1901 1618 1951 tormentorum
1631 1893 1674 1950 vis
1686 1894 1822 1962 turbavit,

258 1977 355 2052 αίματι
368 1976 516 2055 κερδαίνων
534 1976 620 2055 δόμον
636 1981 766 2057 ούρανοῦ.
784 1964 852 2036 Ᾰλλ’
869 1982 908 2036 en
922 1983 1003 2036 πᾶσιν
1084 1981 1133 2040 sed
1148 1982 1211 2038 tulit
1224 1983 1282 2038 Deo
1298 2000 1348 2056 pro
1364 1983 1475 2040 Christo
1489 1981 1586 2057 afiligi,

257 2067 397 2142 κοιρανίην
413 2065 549 2142 βασιλῆος
564 2069 730 2144 ἀκοιμήτοιο
745 2063 873 2145 φυλάξαι,
1085 2069 1220 2144 sanguine
1235 2087 1329 2126 emens
1343 2070 1454 2126 domum
1468 2070 1537 2126 celi.
1550 2071 1606 2126 Sed
1621 2071 1649 2126 in
1661 2069 1788 2126 omnihus
1895 2079 1896 2110 ί

213 2173 243 2223 ςη
257 2157 304 2209 καί
318 2158 416 2230 κράτος
431 2152 559 2226 αὐξήσετε
575 2153 733 2233 θεοστεφέος
748 2155 903 2236 θεοδώρας,
1084 2158 1228 2233 imperium
1243 2158 1318 2233 regis
1333 2158 1473 2232 vigilantis
1486 2158 1635 2225 custodiat,

256 2239 291 2314 ἧς
304 2246 366 2308 νόος
381 2241 491 2322 εὐσεδίη
507 2241 693 2322 φαιδρύνεται,
709 2242 744 2314 ἧς
757 2249 840 2310 πόνος
855 2247 898 2302 ἀεὶ
1084 2255 1113 2303 et
1124 2247 1275 2321 potentiam
1287 2255 1389 2320 augeat
1403 2248 1632 2305 adeo-coronate
1644 2247 1807 2316 Theodorae,
1895 2293 1896 2324 3

256 2335 311 2410 κᾴκ
325 2336 443 2389 κτεάνων
459 2330 618 2411 θρεπ]τῆρες
634 2329 756 2410 ἀφειδέες
773 2335 837 2390 είσίν
852 2336 963 2412 δγωνες.
1085 2336 1163 2410 cujus
1175 2353 1252 2392 mens
1265 2335 1368 2410 pietate
1378 2335 1555 2406 illuminatur,
1569 2336 1647 2410 cujus
1657 2336 1735 2392 lahor
1745 2353 1865 2410 semper
1895 2325 1896 2366 ³

1085 2433 1160 2482 etex
1172 2425 1253 2482 bonis
1273 2424 1378 2482 etentes
1398 2443 1555 2500 non-parcre
1572 2431 1637 2482 sunt
1651 2425 1860 2483 contentiones.
1895 2435 1896 2500 t

550 2575 619 2634 359.
636 2584 732 2634 ΑΛΛο.
1383 2577 1445 2631 339.
1466 2585 1566 2628 amun.

258 2704 379 2776 Μείζονα
393 2710 442 2762 τοῦ
458 2709 602 2785 προσόμοια
618 2709 664 2764 σὺν
681 2705 847 2786 ἀσφαλίεσσι
861 2704 1005 2786 θεμέθλοις
1086 2709 1219 2783 Majorem
1232 2707 1324 2783 priore
1337 2727 1399 2766 oum
1411 2708 1531 2766 immotis
1547 2707 1732 2765 fundamentis
1895 2767 1896 2776 ,

259 2799 296 2861 είς
311 2793 411 2874 ἔδαφος
424 2799 539 2850 νεύοντα
554 2796 687 2874 Γεώργιος
701 2794 776 2854 οίκον
792 2797 904 2874 ἔγειρεν,
1086 2797 1114 2853 in
1128 2797 1193 2854 sede
1207 2815 1258 2853 sua
1271 2797 1411 2854 lebentem
1426 2796 1563 2870 Georgius
1578 2797 1688 2854 domum
1702 2796 1801 2866 erexit,
1895 2807 1896 2868 ζ

257 2867 428 2966 Ᾰντιπάτροο
443 2886 591 2966 γενετῆρος
605 2888 737 2962 ἀμείνονα
751 2889 855 2963 κόσμον
871 2887 982 2957 ἀνύσας,
1085 2887 1132 2962 qui
1143 2887 1281 2961 Antipatri
1295 2887 1430 2961 genitoris
1439 2886 1579 2943 meliorem
1590 2895 1716 2944 ornatum
1727 2887 1860 2961 perfecit,
1895 2871 1896 2956 l

261 2977 378 3053 μάρτυρι
394 2977 497 3054 Σεργίῳ
512 2973 683 3056 περικαλλέα
696 2976 763 3046 νηόν
780 2973 911 3040 ὀπάσσας.
929 2971 952 3052 †
1086 2983 1114 3033 et
1126 2975 1241 3050 martyri
1255 2975 1354 3050 Sergio
1368 2975 1587 3050 valde-pulcrum
1602 2976 1732 3050 templum
1747 2976 1835 3032 dedit.
1895 2975 1896 3018 l

552 3118 621 3176 360.
638 3126 733 3175 Aaou.
1385 3122 1446 3176 360.
1467 3128 1566 3171 aurun.
1640 3159 1862 3235 [tionis-praemia

259 3234 390 3316 δξεπόνει
404 3247 478 3329 τό]δε
493 3249 598 3318 κάλλος
613 3252 645 3328 ίῆ
662 3249 811 3330 θρεπτήρια
827 3248 952 3330 [πβάβτρη
1088 3249 1232 3307 Efficiehat
1247 3250 1332 3307 hoece
1348 3250 1560 3324 pulcrum-opus
1575 3267 1631 3306 snae
1646 3249 1742 3323 patrie
1756 3248 1860 3304 educa·
1895 3261 1896 3324 j

260 3335 290 3405 ἐξ
305 3337 381 3394 ἰδίων
395 3337 551 3418 καβμάτωβν
566 3339 593 3418 δ]
608 3338 767 3419 Φιλαίγριος,
786 3341 858 3418 ὄφρα
870 3345 966 3418 σαώσῃ
1087 3357 1122 3396 ex
1136 3339 1256 3414 propriis
1271 3339 1413 3396 laboribus
1427 3337 1599 3411 PhilagriuS,
1615 3345 1646 3394 ut
1660 3343 1782 3394 servaret
1895 3371 1896 3408 3

260 3427 328 3482 δίστυ
342 3447 371 3482 τι
386 3427 433 3482 καί
446 3425 564 3504 νβαίτας,
583 3429 627 3484 dre
641 3431 774 3506 χείματος
788 3429 896 3484 ίσταται
907 3425 990 3507 epp·
1087 3427 1183 3484 urbem
1195 3433 1223 3484 et
1237 3427 1351 3496 incolas,
1367 3427 1477 3500 quando
1494 3425 1593 3482 hiemis
1608 3425 1688 3482 ndest
1699 3425 1789 3482 hora:
1854 3501 1857 3508 ν
1895 3437 1896 3508 ss

259 3514 365 3572 πολλόν
376 3514 500 3595 Χριστός]
512 3517 646 3596 ἄχραντος
656 3519 701 3573 έπὶ
709 3521 808 3596 χρόνον
821 3517 929 3594 οὔνομα
937 3519 1019 3574 τοῦτο
1087 3518 1213 3575 Christus
1223 3517 1382 3592 impollutus
1397 3515 1512 3574 multum
1527 3516 1554 3573 in
1567 3524 1677 3589 tempus
1691 3531 1790 3570 nomen
1806 3514 1860 3571 hoc
1895 3511 1896 3584 ί

230 3625 246 3675 5
259 3609 455 3684 παντοκράτωρ
476 3603 595 3684 άλόβχου
611 3627 640 3662 τε
659 3610 746 3684 μένειν
761 3610 836 3662 νεύοι
850 3603 1005 3688 θεοδιύρης,
1087 3608 1260 3683 omnipotens
1272 3606 1571 3680 conjugisquernanere
1582 3610 1685 3662 annuat
1697 3603 1859 3671 Theodoree,
1895 3615 1896 3664 ζ

552 3844 620 3904 361.
637 3857 735 3908 nino.
1292 3813 1294 3820 Ι
1382 3849 1445 3902 tot.
1465 3855 1564 3898 neruo.

262 3961 301 4040 tt<
315 3973 361 4031 οία
375 3979 449 4031 ποιεῖ
462 3979 581 4048 πίστιςῆ
598 3979 812 4050 Κωνσταντίνου,
948 4043 951 4050 Ι
1090 3983 1177 4052 Quam
1192 3981 1251 4038 sola
1261 3980 1327 4038 lacit
1340 3980 1410 4037 fides
1424 3979 1607 4050 Constantini,

261 4067 310 4119 τοῦ
327 4067 471 4141 ποιτριθίου
484 4069 532 4120 καί
545 4070 727 4144 τριηράρχου,
745 4063 823 4132 lita!
1089 4069 1198 4145 patricii
1213 4077 1242 4127 et
1253 4069 1408 4138 trierarchi,
1426 4067 1645 4124 extraordinaria
1656 4072 1684 4139 (t.
1699 4085 1722 4123 e.
1737 4064 1830 4136 mira)t
1895 4107 1896 4150 5

263 4153 458 4231 Χρυσάργυρον
472 4155 526 4232 γὰρ
538 4155 584 4208 τόν
598 4157 617 4210 Γ
619 4153 732 4231 ολγωθδι
747 4152 874 4221 δεικνύει,
1090 4161 1131 4216 Ex
1147 4158 1409 4233 argento-deaurato
1422 4157 1495 4213 enim
1510 4155 1650 4230 Golgothe
1661 4161 1805 4224 monstrnt,

263 4239 398 4320 Γολγωθδι
411 4245 520 4298 τοῦτον·
536 4245 650 4322 καὶγὰρ
666 4245 680 4298 δ
695 4247 814 4323 σταυροῦ
828 4249 922 4309 τύπος.
1091 4248 1229 4323 Golgotha
1243 4249 1348 4304 huncce
1364 4266 1371 4304 :
1389 4245 1595 4304 etenimerucis
1607 4245 1694 4301 forma
1708 4251 1755 4300 est.

557 4395 628 4456 θδθ.
649 4403 750 4454 hano,
1387 4400 1449 4456 362.
1470 4409 1572 4453 neruo.

264 4517 367 4609 Ωραῖον
384 4534 421 4596 εἰς
435 4533 529 4610 ὅρασιν
545 4527 627 4606 ὀρθία
639 4529 671 4585 τὸ
686 4524 770 4594 ξύλον
1092 4532 1220 4591 ΡωΙοιιιω
1234 4537 1347 4607 aspectu
1360 4531 1449 4588 visum
1460 4530 1566 4604 lignum

264 4623 355 4695 γεύσει
371 4641 403 4696 με
419 4624 510 4700 νεκροῐ
523 4622 571 4674 τοῦ
588 4616 652 4674 θεοῦ
667 4617 728 4674 κατ’
744 4621 846 4674 εἰκόνα·
1093 4619 1251 4697 gustatione
1264 4635 1307 4675 me
1323 4626 1429 4687 enecat,
1444 4618 1576 4674 adversus
1592 4615 1643 4672 Dei
1658 4615 1819 4689 imaginem,

568 4915 625 4964 362.
645 4929 733 4963 naruu.
1094 4911 1168 4960 Hanc
1181 4906 1256 4973 cujus
1269 4919 1359 4956 arcam
1371 4901 1477 4954 Romuli
1491 4918 1537 4952 rex
1552 4902 1646 4967 imperi

267 5013 391 5063 Pulcrum
406 5013 489 5064 videri
503 5030 545 5064 me
560 5021 648 5066 tamen
664 5020 742 5078 gustu
756 5020 835 5064 necat
1095 4996 1204 5061 pulcher
1218 5005 1317 5043 corona
1331 4988 1432 5053 fulgida
1444 5003 1475 5038 ex
1488 4986 1628 5080 virtutihps

268 5098 368 5164 lignum
380 5096 430 5149 Dei
445 5097 584 5164 pendentis
597 5099 631 5148 ad
645 5097 803 5163 imaginem
1095 5079 1213 5144 pulcram
1224 5091 1283 5127 enee
1294 5073 1357 5126 tecit
1369 5069 1496 5138 gemmeis
1510 5070 1657 5137 fulgoribus

268 5191 363 5234 nam„
376 5183 423 5234 sed
436 5181 525 5232 dign„
539 5197 617 5247 quem
632 5181 752 5247 pulcrum
765 5183 837 5233 facit·
1095 5162 1179 5212 victor
1189 5175 1237 5226 per
1249 5159 1336 5225 ipsum
1351 5157 1524 5207 barbarorum
1536 5161 1563 5204 et
1576 5154 1734 5206 daemonum.

268 5266 334 5318 Mihi
349 5267 403 5318 vita
417 5264 547 5326 Christus,
560 5272 680 5317 mortuus
692 5280 773 5318 carne
784 5266 813 5317 in
824 5281 911 5319 cruce.
