3858 6018
210 417 266 472 ἀίί
658 412 916 472 ANTHOLOGIAE
938 411 1089 473 GRAECAE
1108 414 1336 474 APPENDlClS

249 549 279 602 δν
299 545 370 621 βαθὺ
383 550 472 624 γῆρας
484 545 543 602 ἐλσε
557 549 637 601 τέκνα
651 565 680 600 τε
693 543 867 621 γηθύμενον·

190 636 295 712 ταύτάρ
310 633 422 711 θπερθεν
436 636 512 710 έμεῐο
525 633 636 690 πελιάσι
649 631 735 690 καλὸν
750 631 856 709 ἔδειμεν

250 726 355 796 κόσμου
369 719 511 797 τηλεφανῆ
527 727 631 800 πύργον
646 724 817 799 ἀριπρεπέος.

497 883 679 940 729.nnn0.

211 1047 237 1100 γ.
260 1027 364 1088 Βάσσος
376 1009 522 1103 ἀθουρίοιο
536 1029 677 1095 πονήσατο
690 1029 746 1089 τοῖς
759 1024 872 1100 ἀγαθοῖς
888 1027 936 1102 μέν

246 1116 389 1190 χάρματα,
405 1118 461 1179 τοῖς
476 1111 506 1169 δέ
520 1117 614 1177 κακοῖς
628 1114 777 1192 εὑράμενος
790 1110 906 1176 ὀδύνας·

209 1199 283 1257 ἀλλά
300 1221 344 1279 μιν
356 1199 456 1266 παῖδάς
466 1222 495 1258 τε
511 1203 572 1266 lob<
585 1205 632 1258 καὶ
646 1199 755 1273 αἰδοίην
767 1205 928 1280 παράκοιτιν

209 1287 289 1366 δίχεο
301 1293 475 1368 γηράσαντος
489 1293 515 1355 ές
527 1275 613 1366 lbos,
629 1295 727 1346 πότνια
739 1294 846 1366 νύμφη,

185 1381 255 1446 5καὶ
268 1377 360 1455 ψυχάς
372 1379 546 1456 προῦπεμπε,
561 1377 604 1434 dtr
618 1373 714 1443 ξανθὸς
727 1364 919 1454 Ῥαδάμανθυς.

504 1541 685 1601 730.rnn0.

193 1647 436 1742 ⁸llcrtloprnobdrnc
450 1674 532 1749 ἱερὸν,
549 1671 621 1750 φίλε,
636 1670 729 1750 δέρκεο
744 1672 847 1736 κάλλος

210 1759 302 1836 ψυχῆς
316 1759 456 1831 ἀθανάτης
468 1763 516 1816 καί
530 1765 670 1836 σώματος·
688 1763 854 1838 ἀμφοτέροις
867 1763 919 1840 γάρ

210 1848 237 1901 ἓν
248 1853 325 1924 φύσις
339 1849 431 1904 ὤπασε
446 1846 549 1912 κάλλος
563 1851 718 1927 ἀκήρατον·
736 1852 759 1904 εί
774 1847 804 1904 δέ
817 1851 829 1905 l
847 1853 929 1926 μοῖρα

209 1937 341 2012 ἥρπασεν,
350 1939 401 1993 οὐκ
410 1933 560 2012 ἐδάμασσε·
573 1933 693 1992 θανοῦσα
700 1939 753 2014 γάρ
762 1941 794 1992 οὐ
807 1935 870 1992 θάνε
884 1942 971 2014 μούνη

185 2019 274 2096 μούδί
283 2028 362 2081 πόσιν
377 2023 555 2102 προλέλοιπε,
565 2023 779 2098 καὶιίλίπε,νῦν
790 2023 851 2080 δέτι
866 2023 973 2103 μᾶλλον

210 2111 356 2191 οὐρανόθεν
374 2133 418 2190 μιν
434 2114 486 2192 ύρᾶ
500 2115 548 2168 καί
561 2116 688 2190 τέρπεται
700 2111 753 2183 ἠδέ
769 2111 912 2190 φυλάσσει.

506 2367 574 2422 731.
591 2374 700 2422 nnnc..

248 2489 464 2584 Ιγάθηνοδώραν
479 2508 529 2577 τὴν
544 2506 652 2584 ἀγαθὴν
665 2508 716 2577 τὴν
730 2491 845 2577 Ᾱτπκὴν

247 2595 297 2665 την
316 2594 479 2671 Θαυμασίαν
494 2599 613 2670 γυναῖκα
625 2597 677 2664 τὴν
692 2593 832 2672 φιλένθεον

247 2679 345 2738 παιδία
358 2685 491 2738 τεκοῦσαν
505 2684 552 2736 καί
562 2686 714 2760 τρέφουσαν
727 2686 815 2752 νήπια

246 2772 266 2839 ἡ
281 2773 318 2845 γῆ
332 2765 459 2826 λαθοῦσα
472 2771 523 2840 τὴν
541 2773 605 2826 νέαν
619 2771 670 2840 τήν
688 2773 794 2848 μητίρα

186 2882 200 2930 5
247 2860 367 2934 κατέχει,
385 2855 523 2934 γάλακτος
538 2854 675 2934 δεομένων
688 2861 741 2913 τῶν
754 2855 880 2914 παιδίων.

397 3101 399 3106 ,
495 3017 678 3076 732,nnn0.

208 3143 254 3214 ‚ld‘
270 3159 323 3232 ἐγὼ
334 3159 354 3230 ἡ
367 3157 538 3236 τριτάλαινα,
550 3161 597 3213 καί
610 3160 771 3236 ἀμφοτέρων
788 3157 930 3235 βασιλήων

246 3243 370 3325 Τιὸερίου
385 3243 519 3324 θυγάτηρ,
536 3247 688 3324 Μαυρικίου
704 3245 734 3302 δὲ
746 3244 850 3326 δάμαρ,

205 3333 376 3404 ὴπολύπαις
392 3333 530 3410 βασίλεια,
547 3336 625 3404 καὶὴ
641 3329 754 3400 δείξασα
766 3333 878 3414 λοχείη,

246 3425 282 3488 ὡς
295 3421 398 3500 ἀγαθὸν
413 3421 518 3479 τελίθει
530 3425 578 3478 καί
587 3420 797 3501 πολυκοιρανίη,

184 3515 301 3588 ηκεϊμαι
315 3515 362 3568 σὺν
376 3515 497 3568 τικέεσσι
509 3515 557 3567 καί
569 3512 696 3589 ἡμετέρῳ
711 3515 879 3591 παρακοίτῃ,

246 3597 339 3745 δῆμον
355 3598 510 3677 ἀτασθαλίῃ
525 3602 572 3656 καὶ
588 3603 673 3677 μανίη
689 3603 827 3677 στρατιῆς.

206 3689 264 3759 Τῆς

245 3776 274 3832 αἲ
287 3777 317 3832 αἲ
328 3779 379 3846 τῆς
392 3773 495 3848 Νιάθης
509 3777 628 3854 έμπνοάς
638 3779 697 3854 είμι
707 3779 795 3841 νέκυς.

1062 569 1142 626 quern
1157 560 1267 626 caperet
1278 553 1361 627 longe
1374 560 1514 610 senectute
1524 560 1553 610 et
1561 553 1654 610 liberis
1666 553 1790 626 gnuden-

1028 647 1109 714 etque
1124 659 1210 715 supra
1222 659 1265 698 me
1279 641 1411 698 columbis
1425 642 1547 716 pulcram
1560 641 1704 698 edificavit
1712 641 1788 712 luem:

1063 737 1159 786 ornatu
1170 729 1317 804 magnifico
1330 729 1427 786 turrim
1437 730 1718 804 longe-oppsrentem.

1318 889 1380 944 729.
1400 898 1498 941 struo.

1026 1047 1049 1086 c.
1066 1030 1169 1086 Bassus
1183 1029 1280 1086 Aburii
1293 1033 1367 1103 plius
1380 1029 1515 1086 loboravit
1527 1030 1606 1086 bonis
1621 1030 1729 1103 quidem

1062 1117 1173 1193 gaudie,
1189 1119 1268 1174 mulis
1279 1125 1370 1174 autem
1382 1119 1522 1174 inveniens
1536 1117 1644 1174 dolores
1658 1137 1664 1174 ε

1027 1207 1076 1263 sed
1090 1225 1152 1264 eum
1163 1207 1319 1280 liberosque
1330 1207 1389 1280 ejus
1401 1214 1430 1262 et
1444 1207 1570 1280 pudicum
1583 1207 1726 1280 conjugem

1027 1295 1120 1369 accipe
1135 1295 1314 1352 senes-lectos
1334 1295 1369 1350 sd
1383 1294 1492 1362 Orcum,
1515 1295 1670 1350 venerenda
1689 1295 1791 1368 puello,

1027 1391 1056 1440 et
1069 1385 1173 1440 animas
1188 1383 1318 1452 deducus,
1335 1382 1381 1438 ubi
1395 1382 1483 1438 ssavus
1497 1389 1539 1438 est
1552 1381 1790 1438 Rhadamanthus

1308 1543 1370 1597 7³0.
1391 1549 1493 1593 turon.

1027 1675 1227 1750 Asclepiodotus
1239 1690 1356 1742 socrum,
1365 1671 1461 1740 amice,
1478 1670 1569 1746 aspice
1579 1670 1789 1744 pulcritudinem

1028 1765 1111 1820 animi
1123 1763 1282 1820 immortulis
1297 1769 1326 1819 et
1339 1763 1464 1836 corporis
1478 1779 1485 1818 ε
1500 1760 1633 1818 ambobus
1647 1761 1718 1816 enirn

1027 1871 1108 1909 unum
1134 1859 1232 1909 nature
1255 1851 1331 1908 dedit
1350 1849 1560 1925 pulcritudinem
1585 1848 1719 1906 sincerum
1738 1869 1744 1906 :
1766 1851 1791 1904 si

1563 1935 1564 1938 ’
1622 1938 1693 2010 [eam
1706 1954 1792 2011 parco

1021 2017 1791 2102 rapuit,nondomuit:mortunenimnonmortunestsole

1026 2129 1115 2186 neque
1128 2111 1256 2169 meritum
1271 2111 1348 2186 prius
1360 2111 1451 2185 liquit,
1464 2112 1527 2168 etsi
1541 2111 1660 2185 liquerit,
1675 2128 1748 2167 nuno
1762 2119 1792 2167 et

1027 2201 1130 2258 celitus
1138 2218 1200 2257 eum
1209 2200 1284 2258 ridet
1291 2207 1320 2258 et
1333 2200 1439 2274 gaudet
1452 2209 1534 2272 atque
1544 2200 1673 2256 custodit.
1689 2201 1792 2272 [magis

1321 2365 1383 2418 73l.
1403 2370 1504 2413 tutuo.

1026 2505 1050 2578 †
1065 2505 1278 2572 Athenodorum,
1293 2503 1392 2574 bonum
1404 2503 1523 2560 Atticum

1026 2591 1183 2650 Theumosii
1195 2609 1309 2648 uxorem
1321 2591 1684 2649 numine-obluri-amnntem

1026 2679 1156 2751 puerulos
1169 2697 1230 2754 quae
1243 2680 1351 2754 peperit
1364 2687 1394 2736 et
1406 2679 1503 2738 nutriit
1516 2681 1635 2738 intentes

1026 2775 1171 2842 terreque
1186 2767 1260 2842 cepit
1267 2769 1395 2843 juvenem
1407 2775 1522 2826 matrem

1026 2859 1120 2927 habet,
1135 2859 1205 2916 lecte
1218 2860 1364 2933 egentibus
1378 2862 1509 2933 puerulis.

1319 3024 1381 3077 732.
1399 3033 1499 3076 curun

1026 3162 1075 3219 Ille
1088 3180 1141 3237 ego
1156 3161 1321 3232 ter-misere,
1337 3169 1367 3220 et
1380 3163 1495 3220 duorum
1508 3182 1614 3240 regum,

1061 3249 1163 3307 Tiberii
1174 3251 1239 3316 filia.
1257 3251 1434 3326 Mauriciique
1446 3253 1556 3326 conjux,
1645 3255 1789 3329 [portubus

1024 3339 1363 3396 multos-liberos-hnbens
1387 3341 1492 3415 regine,
1512 3348 1540 3398 et
1558 3361 1619 3416 qum
1639 3346 1788 3404 monstravi

1059 3443 1141 3502 quem
1153 3427 1255 3484 bonum
1267 3428 1304 3485 sit
1317 3429 1358 3485 vel
1373 3429 1526 3503 principum
1540 3431 1694 3503 multitudo,

1021 3516 1100 3590 jaceo
1115 3533 1177 3571 cunr
1187 3515 1281 3572 liberis
1295 3523 1324 3573 ct
1337 3533 1398 3572 meo
1412 3516 1520 3588 morito,

1059 3605 1153 3679 populi
1167 3604 1343 3679 improbitate
1357 3611 1386 3662 et
1396 3605 1489 3663 lurore
1501 3606 1604 3664 militie
1616 3616 1768 3680 perempto,

299 3685 387 3760 κάύης
403 3687 485 3758 ἔτλην
499 3687 571 3745 πολὺ
582 3691 706 3767 χείρονα,
723 3691 773 3758 τῆς
786 3689 809 3744 τ’
827 3673 967 3760 london-qe,
995 3716 999 3780 γ
1024 3693 1110 3750 Multo
1125 3709 1206 3766 quem
1217 3692 1331 3748 Hecube
1344 3691 1451 3766 pejore,
1460 3710 1596 3768 quumque
1607 3694 1717 3752 locusta
1727 3697 1788 3764 tuli,

996 3781 998 3793 “
1058 3782 1126 3838 heul
1140 3781 1208 3838 heul
1226 3781 1321 3838 Niobae
1333 3780 1443 3854 spirens
1458 3783 1518 3838 sum
1530 3783 1659 3839 nudarer.

205 3865 258 3920 Nol
270 3866 316 3920 ναί
328 3865 374 3920 τὸν
388 3867 512 3943 γενίτην,
527 3867 554 3920 τί
570 3869 659 3942 μάτην
673 3867 709 3920 τά
723 3865 822 3941 νεογνά
836 3863 966 3937 έκτειναν,
1023 3869 1081 3936 Nm,
1096 3885 1139 3924 πω
1151 3867 1313 3941 genitorem,
1327 3868 1377 3923 sed
1386 3867 1453 3941 quid
1462 3875 1563 3925 temere
1573 3877 1695 3944 tenerum
1708 3889 1788 3927 sono

504 4285 562 4332 723.
580 4297 668 4334 norun.

202 4411 251 4461 Illa
264 4426 313 4477 ego
328 4427 385 4463 sum
396 4411 496 4473 infelix,
511 4426 603 4476 regum
616 4411 693 4462 modo
706 4409 778 4461 dicte
789 4411 899 4461 duorum

235 4493 352 4546 Mauritii
365 4485 486 4562 conjunx,
496 4494 552 4546 fllia
563 4493 664 4546 Tiberii
677 4511 683 4544 :

203 4594 260 4644 quse
272 4579 346 4632 docui
359 4580 423 4632 loetu
434 4577 581 4629 numerosis
595 4579 721 4643 partubus
733 4579 791 4628 alvo

234 4663 262 4713 in
272 4663 361 4715 multis
372 4663 478 4728 aliquod
490 4663 597 4728 regibus
611 4677 669 4712 esse
682 4663 779 4714 bonum
792 4677 798 4710 ι

201 4746 244 4798 bic
257 4761 316 4797 cum
330 4746 404 4813 prole
417 4761 474 4797 meo
482 4747 569 4814 jaceo,
580 4761 639 4798 cum
652 4745 765 4811 conjuge
781 4760 787 4793 :
802 4751 933 4794 causaest

235 4829 345 4894 perfidia
356 4829 384 4880 in
398 4831 505 4896 populo,
517 4828 670 4894 militiaeque
681 4828 763 4878 furor.

201 4913 260 4962 Non
273 4912 379 4963 Hecube
392 4920 445 4964 tam
457 4927 529 4964 ιωνιι
542 4913 603 4964 tulit
616 4911 696 4974 mole,
709 4927 762 4962 non
775 4911 886 4971 locuste,

233 5003 262 5048 ut
275 4995 375 5059 Niobes,
389 4995 451 5046 vivit
464 5003 525 5062 poet
535 5011 594 5047 mea
605 4997 660 5046 scta
673 4995 749 5047 cinis.

199 5081 238 5130 De
249 5085 324 5146 petre
338 5085 474 5146 praetereo.
490 5080 542 5132 Sed
557 5095 604 5130 cur
620 5095 685 5145 rogo
698 5079 810 5144 pignora
824 5078 889 5129 coedi

233 5163 323 5215 addite
333 5165 367 5216 sb
378 5163 499 5216 humanis
513 5162 598 5214 libera
610 5163 731 5229 flagitiisl

199 5249 258 5298 Non
268 5247 338 5299 ultre
348 5247 405 5308 tibi.
418 5247 512 5308 Romu,
525 5246 591 5298 meis
603 5263 619 5298 a
630 5247 766 5298 frondibus
776 5247 870 5296 umbro
879 5255 928 5305 est,

1541 3957 1605 4031 [lem
1618 3959 1786 4024 occiderunt,

1054 4279 1169 4330 radicem
1183 4265 1274 4329 ventus
1290 4279 1417 4330 Thracius
1431 4279 1555 4330 exsecuit.
1658 4297 1684 4331 u.
1705 4295 1785 4332 onor.

1151 4397 1152 4400 ’
1196 4391 1255 4440 723.
1273 4403 1388 4440 suusnsrr
1404 4404 1612 4441 neronnuums

1093 4485 1162 4534 Hier.
1182 4483 1270 4547 Wolfii
1282 4484 1364 4534 versio
1377 4482 1465 4549 (Anto.
1484 4482 1532 4534 lat.
1549 4487 1569 4546 t.
1584 4485 1617 4534 ll.
1626 4500 1656 4550 p.
1672 4487 1713 4548 lb)

1020 4577 1041 4626 0
1054 4591 1102 4642 ego
1116 4577 1188 4626 mille
1201 4578 1286 4628 modis
1298 4591 1391 4642 regum
1402 4574 1554 4626 miseranda
1565 4577 1674 4627 duorum

1052 4659 1169 4710 Mauritii
1180 4661 1283 4726 conjux,
1297 4660 1352 4712 ulia
1364 4660 1477 4712 'liberiil

1019 4742 1119 4794 Edocui
1132 4743 1226 4810 regine.
1239 4744 1315 4805 setis,
1329 4743 1491 4810 fecundaque
1503 4751 1597 4808 mater,

1052 4843 1130 4894 quam
1142 4829 1196 4879 sint
1204 4829 1345 4879 multorum
1359 4829 1497 4879 commoda
1511 4836 1615 4894 sceptra
1629 4829 1732 4878 ducum.

1018 4908 1111 4960 Militis
1122 4907 1195 4960 intldi
1205 4909 1282 4975 jacen
1297 4907 1438 4975 populique
1450 4910 1546 4968 furore,

1051 4999 1076 5042 et
1090 5007 1193 5043 mecum
1202 4993 1297 5058 conjux
1309 4993 1499 5057 progeniesque
1508 4993 1588 5058 jacet.

1018 5077 1065 5126 Nee
1077 5075 1182 5126 misereo
1193 5075 1291 5128 Niobes
1303 5090 1353 5141 ogo
1366 5091 1423 5126 sum
1435 5075 1513 5127 ritule
1525 5076 1644 5126 cadaver.

1052 5159 1167 5208 Plurane
1180 5157 1287 5218 Cisseis,
1301 5157 1379 5224 plura
1391 5157 1499 5208 locuta
1517 5157 1592 5206 tulitl

1019 5245 1081 5294 Esto
1094 5259 1100 5292 ι
1112 5241 1173 5307 jure
1183 5249 1266 5309 pater,
1281 5258 1329 5293 cor
1340 5241 1451 5308 pignore
1463 5248 1689 5307 pernumerentur,
