3866 6016
19 9 169 362 Γ

643 437 681 496 ιιι
700 436 826 496 cicun
847 435 889 496 111
910 438 1143 500 tunorium.
1630 421 1680 501 ιιι

114 579 245 652 PthOt,
269 583 348 634 Weil.
364 585 534 648 sacnmtpsicd'
550 583 630 648 [ὀσῐἼ.
650 611 679 620 -
696 585 742 633 Vs.
760 585 784 632 6.
800 583 865 632 Bru·

111 670 161 712 net.
178 664 292 712 ἂκλάτοιν
307 663 362 726 (sic)
379 662 475 726 [forsan
490 663 653 726 ὰπλίτων]....
669 662 785 712 arsisius
799 662 864 726 (sic).

111 731 206 778 Tamen
221 727 333 794 intelligi
346 735 432 794 potest
447 728 539 777 turrim
562 727 737 776 exsurrexisse
750 725 865 776 inacces-

111 811 144 860 sis
162 809 327 862 stationibus.
349 811 411 862 Cod.
432 806 665 878 (ΤΑΔΕΙωΝ,
682 809 763 859 Weil.
781 809 867 858 σπιλά-

111 907 164 956 dat.
178 933 209 944 -·
222 907 270 956 Vs.
284 909 308 956 7.
321 907 373 956 Pro
385 907 460 970 φόως,
472 907 552 957 u'eil.
568 909 640 968 θέων,
653 907 711 958 cod.
727 899 864 960 &Otuss

111 1012 138 1021 -
151 985 197 1034 Va.
210 986 235 1036 8.
253 984 336 1036 Solin.
349 985 454 1038 XXXll.
468 987 499 1036 13
515 1001 521 1033 :
538 1006 549 1030 ιι
564 985 725 1036 Alexandria
740 983 867 1034 insidioso

110 1065 213 1099 accessu
231 1049 328 1108 aditur,
343 1051 480 1100 tallacibus
498 1051 571 1100 radis
586 1053 701 1116 (ἐχούσης
716 1051 742 1100 ὀί
756 1052 808 1115 [τῆς
821 1067 868 1100 ποι·

111 1117 198 1180 ραλίας]
206 1117 250 1167 καὶ
256 1117 371 1180 χοιράδας
380 1116 421 1166 καὶ
431 1117 508 1192 βρὰχη
520 1119 580 1176 τινὰ,
590 1117 698 1179 Strato),
707 1131 777 1166 casco
789 1114 866 1176 mari,

111 1181 241 1246 tribusque
255 1189 357 1231 tantum
372 1184 506 1232 canalibus
520 1181 634 1232 admittit
645 1181 808 1246 navigantes,
821 1181 868 1231 Te-

111 1261 183 1310 gano,
201 1246 325 1306 Posidea,
344 1248 436 1297 Tauro.
453 1267 465 1293 υ
481 1248 552 1298 Idem
569 1249 624 1298 fere
643 1247 755 1310 Plinius,
771 1248 804 1306 V,
825 1247 866 1296 ³l.

111 1355 140 1366 -
151 1330 196 1379 Vs.
213 1331 399 1394 toeonuptus
413 1329 516 1380 exhibet
530 1325 684 1384 ΖΗΝΙΣΕ
700 1324 863 1398 ΤΗΣΔΕ;

110 1408 206 1458 correxi
217 1409 298 1458 Ξείνιε
311 1413 367 1472 sads
378 1411 465 1465 πλέων.
479 1410 547 1474 quod
558 1425 611 1460 non
624 1409 689 1460 satis
702 1411 790 1476 placet
799 1423 806 1470 ς
816 1423 868 1458 me·

111 1473 174 1522 liora
187 1481 277 1524 autem
291 1483 410 1539 quarunt
423 1474 478 1524 alii.

139 1605 256 1654 LXXXI.
272 1606 297 1654 A
310 1605 344 1654 cl.
362 1605 410 1654 sir.
430 1605 529 1656 Brunet
547 1605 578 1655 de
600 1608 690 1657 Presle
709 1605 867 1670 accepimus,

112 1669 151 1734 qui
164 1671 235 1721 unde
250 1671 360 1721 haberet
373 1687 423 1720 nott
437 1672 510 1721 dixit.
529 1672 589 1732 Hic,
602 1683 632 1722 ut
647 1672 728 1737 prior,
743 1671 834 1721 titulus
852 1684 869 1720 a

111 1751 133 1784 r.
141 1735 175 1786 cl.
186 1734 321 1786 Weilioin
329 1737 441 1800 byblinis
453 1737 529 1788 codd.
542 1753 606 1788 mss.
622 1739 665 1803 qui
680 1737 707 1788 in
718 1751 809 1788 museo
817 1735 868 1786 Lu·

112 1815 164 1864 par.
189 1809 337 1863 servantur,
353 1801 472 1852 inventus
494 1803 628 1868 editusque
647 1813 688 1854 est
706 1804 807 1864 (laam.
826 1801 870 1851 des

111 1867 168 1918 Saa.
183 1868 332 1932 18191511).
344 1868 386 1918 Ad
398 1869 523 1934 templum
535 1877 636 1934 spectat
645 1871 695 1919 hoc
708 1867 871 1933 epigramma

112 1931 236 1983 Arsinoes
253 1933 428 1998 Zephyritidis
444 1949 461 1984 a
476 1935 617 1986 Callicrate
636 1935 767 1986 navarcho
785 1935 833 1998 (vs.
854 1936 868 1984 5

111 2006 135 2046 et
144 1999 168 2061 l)
181 1999 207 2048 in
221 1997 310 2049 littore
320 1999 400 2049 maris
413 2007 569 2050 exstructum
581 2001 651 2051 haud
662 1999 754 2066 procul
767 2013 784 2048 a
794 1999 871 2048 Nico·

114 2063 172 2126 poli.
190 2065 294 2129 dequo
313 2065 470 2116 Strabonem
489 2066 532 2116 adi
551 2066 633 2124 XVII,
651 2081 670 2124 ι,
691 2067 732 2124 18,
751 2073 778 2114 et
798 2063 871 2114 Posi·

112 2128 183 2192 dippi
194 2129 281 2195 epigr.
295 2144 339 2196 ap.
354 2131 450 2181 Athen.
462 2131 519 2190 Vll,
531 2147 557 2196 p.
573 2133 631 2192 818,
646 2133 715 2196 qaod
726 2131 786 2180 vide
796 2144 868 2195 supr.

114 2196 140 2246 C.
150 2195 171 2255 1,
181 2211 208 2246 n.
220 2198 279 2246 116.
290 2223 320 2234 -
329 2197 376 2246 Vs.
387 2199 411 2246 2.
422 2197 450 2246 ln
464 2197 617 2263 apographo
631 2199 740 2261 κύματα.
749 2197 832 2245 —Vs.
845 2197 869 2245 d.

115 2279 196 2328 Codex
213 2279 313 2329 habere
331 2279 433 2330 videtur
452 2273 648 2346 ΕΙΓΕΡΟΥ,
663 2295 693 2330 es
705 2278 799 2329 vitiosa
811 2292 870 2342 pro-

114 2374 275 2426 nuntiatione
299 2391 346 2442 pro
369 2370 495 2432 ΙΕΡΟΥ
514 2376 582 2442 apud
602 2374 743 2442 AEgyptios
763 2373 870 2431 usitata,

114 2454 177 2516 quod
201 2455 302 2504 notavit
326 2453 437 2505 Weilius
462 2455 522 2506 coll.
548 2456 645 2521 Lupar.
669 2453 768 2517 byblin.
794 2451 869 2503 codd.

114 2520 164 2568 tab.
175 2519 283 2577 XXXII,
299 2535 325 2570 ιι.
341 2521 413 2578 11,1.
430 2523 460 2571 18
474 2535 481 2570 :
497 2538 650 2587 σαραπιγηιυι
665 2535 713 2586 pro
729 2521 870 2584 Σιραπιιίῳ.

115 2586 165 2632 tab.
187 2585 295 2642 XXXV,
318 2601 343 2634 n.
364 2588 392 2636 51
417 2590 536 2650 :alsugo
555 2602 602 2652 pro
622 2589 707 2637 κλαίω.
725 2613 755 2624 -
777 2586 823 2634 Vs.
844 2587 868 2633 ’1.

114 2653 234 2714 Ζιφυρῐτις
244 2665 262 2700 a
273 2651 401 2715 Zephyrio
411 2653 549 2726 (Ζεφυρίου)
561 2651 671 2717 AEgypti
682 2649 870 2716 promontorio,

114 2731 129 2764 a
151 2731 201 2780 quo
224 2723 255 2765 ut
276 2718 374 2776 Venus,
398 2733 436 2766 stc
455 2717 566 2768 Arsinoe
593 2717 662 2784 apud
684 2715 871 2768 Callimachum

114 2781 194 2845 epigr.
210 2783 235 2832 5.
245 2784 372 2848 Ζεφυρίτις
381 2784 541 2834 nominatur.

142 2912 270 2962 Lxxxu.
286 2913 325 2962 lla
336 2914 433 2964 Athen.
449 2914 491 2972 V,
500 2930 526 2978 p.
540 2915 598 2964 289.
616 2935 629 2960 ιι
646 2912 778 2978 Scriptum
791 2919 831 2962 est
844 2909 870 2961 in

19 3015 20 3022 ,
114 2973 312 3030 furiosissimum
336 2993 438 3038 navem,
465 2993 553 3045 quam,
582 2979 765 3030 ostentationis
792 2991 873 3028 causa

115 3049 279 3104 exstructam,
294 3043 374 3094 Hiero
387 3045 529 3095 Ptolemaeo
543 3047 611 3096 dono
624 3044 704 3095 misit.
721 3063 734 3089 ιι
748 3045 804 3095 lac.
819 3043 871 3093 Re-

115 3107 180 3172 cepit
194 3109 342 3160 Branchius
355 3111 383 3160 in
394 3110 530 3170 Analecta,
542 3119 562 3162 t.
577 3113 610 3172 ll,
625 3127 651 3175 p.
665 3112 706 3171 81,
721 3109 783 3160 edit.
797 3108 870 3174 Lips.

115 3179 133 3222 t.
149 3173 181 3233 ll,
200 3191 227 3240 p.
243 3177 275 3226 62
290 3191 330 3240 sq,
343 3183 370 3226 et
383 3176 409 3226 in
422 3179 462 3241 Δρ
513 3177 540 3226 d.
558 3192 585 3226 n.
601 3179 641 3226 15.
656 3201 688 3216 -
707 3177 752 3225 Vs.
769 3176 809 3225 tt.
824 3189 872 3239 pro

114 3241 202 3302 νεφίιον
215 3241 325 3306 conjicit
339 3242 395 3292 Jos.
410 3242 462 3293 Sca
473 3241 529 3307 iger
542 3245 632 3303 ὀφίων,
646 3242 810 3306 improbante
823 3241 872 3290 Ca·

115 3306 238 3366 sanbono,
264 3307 422 3358 assentiente
442 3317 527 3358 autem
550 3307 691 3358 Branchio.
713 3334 743 3344 -
764 3307 811 3356 Vs.
830 3307 871 3356 15.

114 3369 173 3420 lnde
189 3371 265 3422 navis
282 3371 480 3438 inscriptionem
497 3373 534 3423 sic
552 3372 668 3424 restituit
681 3372 870 3422 Casaubonus:

122 3435 202 3499 Ἱέρων
226 3439 377 3503 Ἱεροκλέους
389 3439 499 3500 βασιλεὺς
512 3441 670 3502 Συρακοσίων
681 3439 732 3492 τοῖς
749 3453 775 3486 τε
793 3436 873 3492 ἄλλοις

117 3503 215 3560 Ἕλλησι
225 3505 268 3554 καὶ
282 3505 335 3560 ταῖς
346 3507 429 3564 νήσοις
439 3505 512 3554 τοῦτο
526 3507 554 3554 τὸ
564 3505 663 3568 σιτηγὸν
673 3505 765 3562 πλοῖον,
779 3503 872 3567 supple

115 3564 190 3617 ίὸίλου
202 3583 251 3618 σου
263 3571 366 3623 traaas.
380 3570 436 3619 lloc
451 3569 615 3634 epigramma
630 3569 669 3619 sic
683 3568 749 3618 eatis
759 3567 871 3618 feliciter

115 3643 204 3683 contra
216 3649 317 3685 morem
329 3650 413 3694 suurn,
428 3635 562 3685 transtulit
574 3635 677 3686 Natalis
690 3635 783 3684 Comes
797 3648 804 3684 :
851 3695 854 3702 Ι

162 3725 217 3772 Quis
231 3726 291 3768 ratis
303 3725 394 3768 eximias
407 3725 513 3768 inventor
525 3725 645 3768 mortalis?
659 3736 710 3768 sans
724 3725 775 3780 qais

188 3777 296 3820 infractis
308 3778 381 3822 traxit
393 3777 486 3820 mnibus
497 3779 519 3820 in
533 3779 647 3834 pelagus?

163 3831 214 3880 Qua
227 3831 295 3872 canei
309 3831 363 3873 esest
376 3830 473 3873 dolabra
485 3830 563 3874 secere
576 3831 712 3886 protundum

188 3881 234 3925 hoa
247 3885 321 3938 opust
334 3888 375 3926 aut
386 3883 472 3926 tabulis
482 3883 565 3937 juncta
578 3883 659 3927 carlum
672 3883 724 3933 tuit,

163 3935 240 3977 AEtnse
253 3934 379 3978 veracibus
392 3947 443 3991 ques
457 3943 567 3990 sequatur,
582 3937 599 3978 c
616 3935 758 3986 cladibusrs,

188 3999 248 4042 quas
260 3987 345 4030 circtun
356 3989 430 4052 AEgssl
443 3997 553 4043 personat
564 3948 626 4031 unda
637 3987 716 4031 maris.

162 4040 222 4082 Mari
236 4039 342 4096 utrinque
353 4052 405 4095 part
417 4041 491 4096 spatio
504 4041 565 4092 latat
576 4053 637 4083 anns
649 4041 758 4118 gigantes

189 4091 233 4136 hoc
247 4104 305 4148 opus
319 4093 341 4135 in
354 4095 451 4148 superos
463 4105 591 4148 exposuere
606 4094 679 4136 Deos.

164 4145 245 4188 Sidera
259 4146 396 4201 contlngant
407 4144 539 4196 carchesis;
553 4145 631 4189 nubila
644 4157 730 4201 magns

189 4197 301 4240 uermes
312 4197 416 4254 triplices
427 4197 530 4253 protinus
542 4197 604 4241 intus
616 4199 710 4241 habent.

164 4251 272 4293 Anchors
284 4251 364 4293 vincta
377 4251 427 4306 pari
438 4251 493 4293 funs
504 4257 541 4293 est
552 4251 617 4306 queis
630 4250 684 4294 bina
695 4257 719 4294 et
731 4248 807 4306 Abydi

191 4308 216 4345 et
226 4303 288 4346 Sesti
299 4304 391 4346 Xerxes
397 4304 480 4358 juncta
492 4303 553 4346 vada
564 4303 676 4346 exhibuit.

163 4353 282 4418 lnsculpta
292 4363 318 4418 st
327 4356 395 4399 lateri
407 4356 511 4398 declarat
518 4355 601 4416 'littera
612 4357 667 4399 lorti

164 4407 413 4524 „ttttt'tltttttt
420 4408 693 4524 lithliiiliila.
705 4459 812 4510 ιηιιιι,

191 4512 268 4555 tusus
279 4525 324 4569 quo
336 4520 399 4567 pontt
413 4525 509 4558 munera
520 4525 615 4568 quteque
627 4515 688 4564 tultt,

164 4565 260 4608 Doricus
272 4577 299 4608 ac
311 4566 410 4610 Siculus.
424 4567 475 4608 Rex
486 4567 600 4620 Neptune,
613 4578 654 4621 per
666 4565 740 4610 undas

190 4619 304 4662 ceruleas
315 4618 390 4662 dubias
402 4618 434 4661 sit
443 4618 486 4661 tibi
497 4629 555 4661 cusa
566 4619 632 4662 ratis.

145 4735 283 4787 LXXXIII.
298 4737 413 4788 Brunclt.
433 4753 439 4786 :
459 4757 472 4784 ιι
486 4738 533 4787 Vs.
548 4738 595 4786 ult.
611 4752 664 4787 non
681 4736 757 4788 aliter
771 4737 873 4787 exhibet

116 4801 170 4849 cod.
187 4815 264 4866 quam
277 4803 354 4867 vulgo
371 4801 476 4868 legitur,
492 4801 519 4852 id
531 4811 572 4852 est
581 4803 680 4852 misera
693 4804 871 4868 depravatum.

116 4865 164 4915 Pro
185 4881 232 4916 suo
251 4868 334 4919 lubitu
352 4877 379 4919 et
396 4875 474 4934 captu
491 4867 575 4934 quitis
592 4884 652 4918 eum
670 4870 804 4932 emendet;
823 4883 872 4933 ega

116 4943 172 4982 tero
186 4934 324 4996 legendum
336 4949 431 4985 censeo
445 4949 452 4984 ε

178 5027 285 5083 Σπονόίις
298 5027 419 5090 eclipseos
431 5026 473 5074 τὸν
487 5026 592 5088 πόλεμον
606 5025 733 5092 trancas.

118 5116 155 5165 Ad
168 5127 315 5184 corruptam
329 5119 467 5169 lectionem
478 5118 583 5183 propius
595 5119 732 5168 accederet
743 5118 871 5182 ἐξήρασαν.

117 5181 166 5254 Sed
176 5184 237 5247 quin
246 5201 294 5250 pro
305 5185 406 5246 sincero
418 5185 544 5233 habeatur
555 5186 642 5235 obstat
652 5185 783 5249 prosodia,
794 5200 873 5249 quum

118 5261 143 5295 ιιι
166 5249 255 5315 {lapda
279 5251 423 5316 penultima
443 5250 611 5316 producatur,
633 5265 681 5300 nec
701 5251 803 5308 ίίεοιίςισ
824 5266 873 5301 ιιοιι

919 567 1115 632 σοιιιριολιαιιιιιι
1127 569 1170 620 sit.
1182 589 1195 614 n
1208 570 1304 621 Libens
1313 572 1417 622 credam
1427 576 1588 636 poetastrum
1600 570 1680 636 scrip-

920 632 986 682 sisse
1000 634 1134 698 ίξίρρισαν,
1150 635 1241 686 eodem
1259 652 1337 688 sensu
1352 653 1403 702 quo
1419 639 1590 702 ἀπηγόρευσαν
1604 651 1678 687 usur·

921 705 1006 761 petar,
1026 705 1071 748 aut
1091 701 1170 750 etiam
1183 702 1308 767 ίίῄρισαν,
1331 717 1379 768 pro
1397 703 1495 762 ίίεῖλσν,
1515 702 1680 764 ademerant,

919 763 1090 816 sumamus.
1619 775 1620 780 ’

952 895 1092 946 LXXXIV.
1107 895 1231 946 Dedimus
1246 913 1277 948 ex
1289 897 1430 958 Brunclio,
1447 899 1521 964 eujus
1534 906 1589 949 tota
1603 914 1681 950 anno-

920 959 984 1009 tatio
998 967 1047 1011 est.
1058 987 1088 998 -
1103 962 1150 1012 Vs.
1161 964 1185 1012 8.
1202 964 1312 1027 evulgo
1326 965 1367 1013 καί
1378 966 1422 1022 τὴν
1434 966 1566 1026 σκυτάλην,
1584 966 1679 1028 ὀνάγιιν

921 1026 1034 1076 trochaeo
1044 1033 1164 1091 quartam
1171 1028 1259 1078 sedem
1269 1035 1382 1079 tenente.
1391 1031 1419 1080 ln
1434 1031 1463 1080 C.
1476 1028 1520 1096 qui
1528 1031 1599 1080 solus
1608 1047 1680 1080 meo·

920 1106 978 1152 rum
993 1091 1051 1143 cod.
1062 1101 1244 1156 argumentum
1258 1095 1345 1152 babet,
1355 1095 1478 1146 mendose
1490 1095 1633 1156 etiamsed
1647 1096 1679 1146 ad

920 1171 1009 1207 serum
1024 1157 1141 1224 propius,
1156 1159 1185 1208 τό
1201 1159 1333 1210 σκύταλον.
1347 1161 1425 1212 Cone.
1439 1163 1472 1212 78
1488 1178 1495 1211 :
1509 1162 1586 1225 ἔγωγέ
1600 1179 1638 1211 τοι
1652 1161 1681 1210 τὸ

920 1223 1041 1274 σκύταλον
1058 1223 1234 1288 ίίηνεγκάμην.
1252 1227 1385 1276 Praeterea
1401 1227 1433 1278 ad
1447 1227 1525 1277 metri
1545 1227 1680 1291 integrita-

921 1295 973 1338 tem
985 1290 1114 1352 ἀναγαγεῖν
1132 1289 1271 1354 lsgendum
1285 1299 1333 1342 est.
1345 1311 1357 1336 ι
1369 1293 1410 1342 Βσ.
1423 1321 1449 1330 -
1462 1293 1518 1356 [Vs.
1533 1296 1557 1343 5.
1572 1290 1682 1356 εὔφημος

921 1353 1032 1404 tortasse
1044 1355 1135 1406 eodem
1145 1371 1224 1406 sensu
1244 1366 1321 1421 atque
1340 1355 1454 1422 ιίιγηρυν,
1470 1373 1521 1422 quo
1534 1358 1616 1409 utitur
1625 1359 1681 1422 ipse

921 1418 1221 1484 Aristophanesrs.tlt,
1230 1419 1333 1486 εὔγηρυν
1345 1425 1405 1486 ἐμὰν
1420 1425 1504 1474 ἀοιδάν
1507 1460 1557 1474 .....
1560 1423 1569 1488 ]
1584 1423 1682 1483 «Quod

922 1491 1009 1534 autem
1025 1501 1062 1537 rs.
1081 1487 1213 1538 deditum·
1224 1497 1264 1538 est
1279 1490 1395 1539 ΙΙλούτων
1413 1489 1434 1538 δ’
1449 1491 1517 1548 ἰδὼν,
1534 1488 1560 1538 id
1574 1506 1605 1540 ex
1623 1489 1682 1554 ipsa

922 1551 1011 1601 sabula
1026 1551 1086 1602 salsi
1099 1552 1226 1617 arguitur.
1241 1554 1389 1618 Scripserat
1405 1555 1496 1620 procul
1512 1555 1591 1606 dubio
1606 1555 1682 1619 hujus

922 1617 1070 1680 argumenti
1089 1625 1181 1669 auctor
1199 1621 1309 1686 θεράπων
1325 1621 1350 1696 δ’ι
1362 1621 1431 1680 lobs,
1450 1621 1569 1698 Plutonis
1583 1620 1684 1671 scilicet

923 1683 1685 1817 tull:dtztt.ttt.ltu³t:.tttt¹tetti·⁹¹²·

955 1877 1082 1931 LXXXV.
1109 1879 1196 1931 Edidit
1221 1889 1281 1946 post
1300 1883 1395 1932 multos
1421 1879 1577 1942 Brunckius,
1602 1882 1681 1946 Sapit.

925 1944 1042 2010 Tragoed.
1065 1973 1095 1983 —
1113 1947 1159 1998 Vs.
1181 1949 1220 1998 ll.
1242 1969 1253 1991 ιι
1272 1947 1386 1999 Brunck.
1403 1963 1434 1996 ex
1453 1947 1566 1998 Dawesii
1584 1963 1683 1998 canone

922 2011 1033 2061 πύθοιτο.
1046 2011 1098 2062 Sed
1112 2013 1180 2063 hanc
1191 2013 1309 2078 regulam
1325 2029 1377 2063 non
1394 2013 1518 2064 videntur
1536 2029 1582 2078 per
1595 2012 1684 2064 omnis

924 2090 1041 2126 servasse
1053 2077 1156 2141 tragici.
1174 2096 1186 2122 n
1202 2079 1312 2129 Person.
1331 2079 1365 2129 ad
1382 2078 1473 2143 Eurip.
1492 2080 1581 2131 Phua.
1598 2095 1623 2128 ν.
1641 2080 1683 2128 68.

925 2169 955 2178 -
965 2141 1011 2192 Vs.
1024 2145 1063 2194 15.
1077 2164 1089 2190 ιι
1100 2143 1143 2195 Sic
1155 2144 1270 2195 Brunclr.
1279 2161 1310 2194 ex
1319 2145 1479 2210 conjectura.
1491 2146 1520 2195 In
1533 2160 1584 2196 uno
1594 2144 1684 2196 codice

924 2208 1042 2271 reperit:
1283 2234 1285 2240 .

989 2307 1064 2374 κείρας
1076 2309 1265 2368 κατησόὀλοισιν
1277 2309 1352 2367 αὐτὸς
1362 2310 1483 2374 ὀμμάτων

988 2374 1185 2441 trapessacum<
1198 2377 1341 2440 ίιστιρηόιὶς
1352 2375 1397 2427 τοῦ
1412 2376 1498 2440 φάους.

926 2503 938 2528 ιι
954 2481 1685 2550 FaetusnonindignusingeniogrammaticilntleinLe-

923 2548 983 2598 sica
993 2547 1061 2599 inser
1069 2551 1242 2616 compositum
1251 2551 1430 2603 κατασῦολοῦν.
1440 2569 1453 2595 ιι
1463 2550 1540 2601 Gotlt.
1548 2549 1580 2600 11.
1591 2549 1684 2612 Sellas.

956 2681 1097 2732 LXXXVI.
1112 2680 1143 2730 lu
1165 2681 1371 2742 Consternata:
1383 2682 1475 2732 damus
1495 2697 1527 2732 ex
1543 2679 1684 2730 Brunckio.

923 2763 956 2784 <-
974 2747 1020 2796 Vs.
1037 2749 1060 2797 1.
1076 2746 1164 2797 Schol.
1184 2746 1211 2797 in
1229 2761 1267 2798 vs.
1285 2749 1316 2798 18
1329 2763 1336 2798 :
1351 2749 1437 2811 Σκίρα,
1454 2747 1526 2814 tapsi
1542 2747 1599 2812 παρ’
1619 2747 1685 2803 ’18η-

924 2814 1010 2872 ναίοις,
1024 2811 1065 2876 ἀφ’
1077 2805 1107 2872 ἧς
1120 2813 1162 2861 καί
1175 2817 1190 2864 ὀ
1203 2815 1249 2876 μὴν
1263 2815 1441 2879 Σκιροφοριών.
1457 2840 1488 2850 -
1501 2813 1549 2862 Vs.
1564 2813 1588 2862 8.
1602 2811 1632 2860 ln
1644 2827 1686 2861 ar·

926 2884 1049 2944 gumento
1061 2878 1153 2928 soluta
1164 2878 1301 2938 orationis,
1313 2879 1433 2942 πώγωνας
1441 2879 1687 2944 πιριόίτουςτιοιοῦν-

926 2944 1122 3010 ται,,Αι·ίκλορίι.
1135 2944 1192 3009 ipss
1206 2959 1229 2994 v.
1243 2946 1274 2995 21
1289 2961 1330 3011 sq.
1342 2945 1447 3012 caespes
1462 2945 1509 2995 σιἰκ
1521 2944 1688 3010 ἐρραμμένους

926 3011 1011 3076 ἔχουσι
1022 3010 1080 3066 τοὺς
1089 3009 1241 3073 πώγωνας...

958 3138 1109 3191 LXXXVII.
1129 3141 1167 3190 Ex
1182 3139 1323 3200 Brunclsio,
1338 3140 1366 3191 in
1379 3141 1458 3192 iront.
1472 3140 1685 3191 Acbammst'ttm.

926 3234 957 3244 -
969 3227 982 3253 ιι
995 3207 1042 3257 Vs.
1056 3207 1172 3271 2.Vulgo
1184 3207 1279 3272 legitur
1292 3223 1298 3256 :
1312 3209 1379 3272 sapit
1391 3206 1555 3273 11ιρσῶν,κα1
1567 3208 1635 3273 παρὰ
1648 3208 1688 3256 Σι-

926 3273 1031 3328 τάλκους
1041 3273 1122 3322 πάλιν.
1135 3271 1197 3322 Sine
1210 3272 1329 3322 codicum
1342 3287 1392 3338 ope
1402 3271 1517 3336 reposui,
1530 3272 1599 3336 quod
1611 3271 1687 3321 metri

926 3337 967 3388 lex
977 3337 1110 3404 flagitat.»
1123 3338 1169 3388 ur.
1181 3365 1212 3376 -
1224 3339 1271 3388 Vs.
1281 3341 1305 3388 1.
1318 3360 1330 3384 ιι
1342 3339 1368 3388 tt
1379 3337 1501 3388 substitui
1509 3337 1615 3401 vulgato
1625 3353 1661 3387 τι.
1673 3357 1685 3381 ιι

927 3431 957 3440 -
970 3405 1030 3454 Vas.
1041 3404 1097 3452 7-tt.
1111 3417 1212 3468 argum.
1224 3401 1249 3452 in
1263 3404 1341 3454 solut.
1354 3403 1491 3454 oratione:
1506 3403 1552 3452 οίικ
1566 3403 1688 3468 ἀχαρίτως

925 3470 1109 3531 καθαπτόμενος
1120 3471 1265 3534 Περικλέους
1274 3475 1318 3518 τοῦ
1329 3487 1356 3520 τι
1365 3467 1510 3534 Μεγαρικοῦ
1519 3469 1685 3530 ψηφίσματος.

927 3563 956 3572 -
969 3537 1016 3585 Vs.
1032 3535 1056 3583 8.
1073 3555 1085 3580 ιι
1099 3535 1228 3584 insertam
1239 3535 1316 3600 vulgo
1328 3535 1484 3600 particulam
1496 3537 1529 3590 ὡς
1541 3533 1623 3583 deleri
1633 3533 1687 3598 jus·

926 3600 960 3650 sit
971 3599 1048 3650 metri
1059 3600 1137 3650 ratio.
1152 3619 1165 3644 ιι
1178 3601 1223 3650 ltr.

942 3722 1121 3782 ¹LXXXVIII.
1142 3731 1266 3806 Equitum
1288 3737 1470 3795 argumentum
1493 3743 1523 3778 ex
1544 3728 1685 3780 Bruncltio.

926 3797 971 3847 Vs.
986 3799 1001 3847 8
1014 3813 1045 3847 ex
1062 3795 1120 3862 ipso
1133 3797 1309 3860 Aristophane
1321 3798 1482 3862 desumptus.
1496 3795 1543 3843 258
1564 3809 1570 3842 :
1655 3798 1686 3846 τὰ

925 3864 1006 3924 κοινὰ,
1020 3863 1074 3927 πρίν
1089 3864 1180 3928 λαχεῖν,
1197 3863 1339 3920 κατεσθίεις.
1354 3889 1383 3900 -
1399 3863 1445 3913 Vs.
1457 3863 1481 3911 1.
1497 3859 1583 3925 Vulgo
1601 3862 1685 3924 διαφο-

926 3927 1016 3994 ροίιντ’.
1033 3956 1063 3966 -
1075 3928 1121 3976 Vs.
1138 3931 1162 3978 5.
1179 3947 1192 3973 ιι
1208 3928 1333 3992 copulam
1349 3927 1447 3987 addidi,
1460 3941 1543 4001 quarn·
1554 3925 1630 3976 metri
1644 3927 1686 3975 lex

926 3993 1032 4070 omnino
1045 3991 1275 4058 requirit..quippe
1291 3993 1319 4043 in
1331 3994 1489 4076 σκατρφίιγον
1504 4006 1589 4057 prima
1606 3991 1686 4070 corri-

944 4059 1685 4200 ¹u.t.t·..r.lt.ttt¹.tt.tu..tinctona

926 4192 1045 4256 quodque
1060 4191 1175 4256 postulat
1185 4196 1255 4240 totus
1269 4205 1356 4240 rerum
1370 4190 1444 4248 ordo,
1460 4195 1606 4254 praesertim
1618 4189 1686 4253 quod

926 4257 1052 4322 sequitur,
1064 4257 1159 4320 ἐγένετο
1173 4255 1250 4305 τοῦτ’.
1619 4283 1622 4290 ι

959 4387 1099 4438 LXXXIX.
1115 4387 1208 4436 Avium
1224 4393 1415 4452 argumentum.
1434 4385 1475 4435 Ex
1493 4383 1634 4435 Branchio.
1656 4413 1685 4423 -

926 4454 973 4504 Vs.
987 4455 1010 4503 1.
1023 4453 1067 4502 δύο
1079 4453 1150 4511 τινίςς
1164 4453 1302 4510 dicicitur,
1315 4462 1342 4501 et
1357 4451 1537 4516 Πεισόίταιρος.
1553 4477 1583 4488 -
1598 4451 1644 4500 Vs.
1661 4452 1686 4499 1.

928 4539 941 4564 ιι
955 4519 1025 4568 Male
1039 4512 1073 4573 sl:
1084 4518 1104 4566 δ’
1120 4519 1194 4580 ὄρνις,
1208 4532 1267 4581 quta
1281 4518 1387 4567 omnino
1405 4526 1528 4580 corrupta
1541 4521 1582 4564 est
1598 4515 1686 4565 lectio.

926 4584 1027 4636 idcirco
1041 4577 1075 4643 ιῐς
1083 4585 1199 4650 πρέσόυς,
1207 4591 1252 4633 aut
1265 4583 1336 4634 aliud
1347 4582 1419 4648 quid,
1429 4581 1556 4646 scriptura
1565 4580 1663 4632 debuit.
1674 4600 1687 4626 ιι

959 4723 1013 4774 XC.
1048 4723 1186 4787 Vesparum
1211 4729 1402 4786 argumentum.
1428 4721 1467 4770 Ex
1491 4719 1632 4771 Branchio.
1655 4747 1687 4760 -

927 4791 987 4840 Vas.
998 4791 1011 4838 5
1024 4803 1065 4854 οιγ.
1078 4787 1213 4852 Aristoph.
1227 4789 1299 4854 Vesp.
1309 4803 1333 4836 ν.
1347 4789 1394 4836 228
1405 4801 1463 4851 sqq.
1476 4801 1483 4835 ι
1496 4785 1544 4836 ἀλλ’
1557 4781 1689 4849 ὧπὸνηρε,

927 4856 955 4904 τὸ
971 4858 1051 4918 γένος,
1067 4853 1096 4915 ῆν
1112 4871 1147 4910 τις
1162 4855 1250 4918 ὀργίση
1262 4855 1273 4919 ΙΙ
1285 4854 1314 4903 sd
1330 4855 1379 4902 τῶν
1394 4850 1589 4917 apostamia&
1603 4854 1690 4914 ὅμοιον

927 4920 1029 4988 σφηκιᾷ·
1043 4921 1053 4984 ΙΙ
1065 4919 1149 4985 ἔχουσι
1158 4921 1204 4986 γὰρ
1214 4910 1257 4970 scil
1267 4919 1367 4984 κέντρον
1379 4919 1408 4968 ts
1420 4919 1463 4977 τῆς
1476 4917 1570 4980 ὀσφύος
1581 4917 1591 4981 ΙΙ
1603 4917 1689 4973 diica-

927 5003 980 5045 τον,
992 4979 1144 5053 ᾧκιντοῦσι,
1153 4985 1351 5052 καίκεκραγότσς
1362 4985 1372 5048 ΙΙ
1383 4983 1689 5048 minocentaurum,

928 5055 1011 5117 ὥσπερ
1024 5053 1135 5114 attalus.
1150 5077 1180 5088 -
1193 5050 1240 5102 Vs.
1254 5051 1279 5100 il.
1293 5069 1306 5096 ιι
1321 5049 1373 5098 Pro
1383 5049 1541 5108 διαδικάζειν,
1555 5047 1624 5113 quod
1635 5061 1689 5098 mc·

928 5118 963 5168 tri
976 5117 1043 5168 ratio
1060 5115 1172 5181 flagitat,
1190 5115 1300 5178 simplex
1313 5115 1392 5165 estin
1409 5113 1467 5166 cod.
1481 5115 1622 5173 attestatas
1643 5115 1688 5164 Bu.

960 5249 1026 5299 xct.
1047 5248 1077 5299 ln
1100 5247 1157 5298 cod.
1181 5247 1260 5298 laur.
1282 5253 1412 5298 serratum
1435 5245 1485 5297 hoc
1508 5250 1690 5310 argumentum
