<?xml version="1.0" encoding="UTF-8"?>
<!DOCTYPE html PUBLIC "-//W3C//DTD XHTML 1.0 Transitional//EN"
    "http://www.w3.org/TR/xhtml1/DTD/xhtml1-transitional.dtd">
<html xmlns="http://www.w3.org/1999/xhtml" xml:lang="en" lang="en">
 <head>
  <title>
</title>
<meta http-equiv="Content-Type" content="text/html;charset=utf-8" />
  <meta name='ocr-system' content='tesseract 3.04.00' />
  <meta name='ocr-capabilities' content='ocr_page ocr_carea ocr_par ocr_line ocrx_word'/>
</head>
<body>
  <div class='ocr_page' id='page_1' title='image "./epigrammatumant02couggoog/epigrammatumant02couggoog_0427.png"; bbox 0 0 3882 6080; ppageno 0'>
   <div class='ocr_carea' id='block_1_1' title="bbox 258 372 1399 436">
    <p class='ocr_par' dir='ltr' id='par_1_1' title="bbox 258 372 1399 436">
     <span class='ocr_line' id='line_1_1' title="bbox 258 372 1399 436; baseline 0 -1"><span class='ocrx_word' id='word_1_1' title='bbox 258 379 315 435; x_wconf 64' lang='lat'><strong>⁴16</strong></span> <span class='ocrx_word' id='word_1_2' title='bbox 723 372 981 432; x_wconf 80' lang='lat' dir='ltr'><strong>ANTHOLOGIAE</strong></span> <span class='ocrx_word' id='word_1_3' title='bbox 1002 373 1151 434; x_wconf 82' lang='lat' dir='ltr'>GRAECAE</span> <span class='ocrx_word' id='word_1_4' title='bbox 1171 375 1399 436; x_wconf 83' lang='lat' dir='ltr'><strong>APPENDIClS</strong></span> 
     </span>
    </p>
   </div>
   <div class='ocr_carea' id='block_1_2' title="bbox 528 503 739 564">
    <p class='ocr_par' dir='ltr' id='par_1_2' title="bbox 528 503 739 564">
     <span class='ocr_line' id='line_1_2' title="bbox 528 503 739 564; baseline -0.009 0"><span class='ocrx_word' id='word_1_5' title='bbox 528 507 576 564; x_wconf 83' lang='grc'><strong>91.</strong></span> <span class='ocrx_word' id='word_1_6' title='bbox 591 503 739 562; x_wconf 81' lang='grc' dir='ltr'><strong>ΑΔΗΛΟΝ.</strong></span> 
     </span>
    </p>
   </div>
   <div class='ocr_carea' id='block_1_3' title="bbox 231 637 886 1151">
    <p class='ocr_par' dir='ltr' id='par_1_3' title="bbox 299 637 886 978">
     <span class='ocr_line' id='line_1_3' title="bbox 300 637 886 715; baseline -0.009 -21"><span class='ocrx_word' id='word_1_7' title='bbox 300 638 376 694; x_wconf 85' lang='grc' dir='ltr'><strong>Φιλῶ</strong></span> <span class='ocrx_word' id='word_1_8' title='bbox 391 659 430 704; x_wconf 89' lang='grc' dir='ltr'><strong>σε,</strong></span> <span class='ocrx_word' id='word_1_9' title='bbox 449 641 530 715; x_wconf 91' lang='grc' dir='ltr'><strong>κόρη,</strong></span> <span class='ocrx_word' id='word_1_10' title='bbox 546 639 596 707; x_wconf 80' lang='grc' dir='ltr'><strong>τῆς</strong></span> <span class='ocrx_word' id='word_1_11' title='bbox 609 638 784 712; x_wconf 78' lang='grc' dir='ltr'>σωφροσύνης</span> <span class='ocrx_word' id='word_1_12' title='bbox 795 637 886 712; x_wconf 88' lang='grc' dir='ltr'><strong>χάριν,</strong></span> 
     </span>
     <span class='ocr_line' id='line_1_4' title="bbox 299 719 862 802; baseline -0.009 -21"><span class='ocrx_word' id='word_1_13' title='bbox 299 725 368 802; x_wconf 86' lang='grc' dir='ltr'><strong>φιλῶ</strong></span> <span class='ocrx_word' id='word_1_14' title='bbox 383 746 422 797; x_wconf 89' lang='grc' dir='ltr'><strong>σε,</strong></span> <span class='ocrx_word' id='word_1_15' title='bbox 438 729 519 802; x_wconf 83' lang='grc' dir='ltr'><strong>κόρη,</strong></span> <span class='ocrx_word' id='word_1_16' title='bbox 533 727 583 792; x_wconf 85' lang='grc' dir='ltr'><strong>τῆς</strong></span> <span class='ocrx_word' id='word_1_17' title='bbox 597 719 756 802; x_wconf 74' lang='grc' dir='ltr'><strong>φιλανδρίας</strong></span> <span class='ocrx_word' id='word_1_18' title='bbox 770 726 862 800; x_wconf 84' lang='grc' dir='ltr'><strong>χάριν,</strong></span> 
     </span>
     <span class='ocr_line' id='line_1_5' title="bbox 299 807 843 891; baseline -0.009 -22"><span class='ocrx_word' id='word_1_19' title='bbox 299 811 368 890; x_wconf 87' lang='grc' dir='ltr'><strong>φιλῶ</strong></span> <span class='ocrx_word' id='word_1_20' title='bbox 384 833 422 886; x_wconf 87' lang='grc' dir='ltr'><strong>σε,</strong></span> <span class='ocrx_word' id='word_1_21' title='bbox 436 817 517 891; x_wconf 91' lang='grc' dir='ltr'><strong>κόρη,</strong></span> <span class='ocrx_word' id='word_1_22' title='bbox 532 815 583 882; x_wconf 79' lang='grc' dir='ltr'><strong>τῆς</strong></span> <span class='ocrx_word' id='word_1_23' title='bbox 595 807 738 875; x_wconf 81' lang='grc' dir='ltr'><strong>εύθσυλίας</strong></span> <span class='ocrx_word' id='word_1_24' title='bbox 750 814 843 888; x_wconf 81' lang='grc' dir='ltr'><strong>χάριν,</strong></span> 
     </span>
     <span class='ocr_line' id='line_1_6' title="bbox 299 899 839 978; baseline -0.009 -22"><span class='ocrx_word' id='word_1_25' title='bbox 299 899 368 976; x_wconf 85' lang='grc' dir='ltr'><strong>φιλῶ</strong></span> <span class='ocrx_word' id='word_1_26' title='bbox 381 920 420 972; x_wconf 84' lang='grc' dir='ltr'><strong>σε,</strong></span> <span class='ocrx_word' id='word_1_27' title='bbox 437 904 517 978; x_wconf 85' lang='grc' dir='ltr'><strong>κόρη,</strong></span> <span class='ocrx_word' id='word_1_28' title='bbox 534 903 583 970; x_wconf 84' lang='grc' dir='ltr'><strong>τῆς</strong></span> <span class='ocrx_word' id='word_1_29' title='bbox 596 901 736 976; x_wconf 79' lang='grc' dir='ltr'><strong>καρτερίας</strong></span> <span class='ocrx_word' id='word_1_30' title='bbox 747 901 839 975; x_wconf 85' lang='grc' dir='ltr'><strong>χάριν,</strong></span> 
     </span>
    </p>

    <p class='ocr_par' dir='ltr' id='par_1_4' title="bbox 231 986 858 1151">
     <span class='ocr_line' id='line_1_7' title="bbox 231 986 832 1065; baseline -0.007 -22"><span class='ocrx_word' id='word_1_31' title='bbox 231 989 245 1035; x_wconf 86' lang='grc'>5</span> <span class='ocrx_word' id='word_1_32' title='bbox 299 986 367 1065; x_wconf 85' lang='grc' dir='ltr'><strong>φιλῶ</strong></span> <span class='ocrx_word' id='word_1_33' title='bbox 382 1008 422 1054; x_wconf 88' lang='grc' dir='ltr'><strong>σε,</strong></span> <span class='ocrx_word' id='word_1_34' title='bbox 438 992 520 1065; x_wconf 85' lang='grc' dir='ltr'><strong>κόρη,</strong></span> <span class='ocrx_word' id='word_1_35' title='bbox 534 991 584 1056; x_wconf 81' lang='grc' dir='ltr'><strong>τῆς</strong></span> <span class='ocrx_word' id='word_1_36' title='bbox 598 989 726 1049; x_wconf 84' lang='grc' dir='ltr'><strong>συνέσεως</strong></span> <span class='ocrx_word' id='word_1_37' title='bbox 740 989 832 1062; x_wconf 85' lang='grc' dir='ltr'><strong>χάριν,</strong></span> 
     </span>
     <span class='ocr_line' id='line_1_8' title="bbox 296 1073 858 1151; baseline -0.004 -20"><span class='ocrx_word' id='word_1_38' title='bbox 296 1077 344 1131; x_wconf 83' lang='grc' dir='ltr'><strong>τοῦ</strong></span> <span class='ocrx_word' id='word_1_39' title='bbox 357 1077 471 1150; x_wconf 87' lang='grc' dir='ltr'><strong>γνησίου</strong></span> <span class='ocrx_word' id='word_1_40' title='bbox 484 1076 581 1151; x_wconf 81' lang='grc' dir='ltr'><strong>ἔρωτος</strong></span> <span class='ocrx_word' id='word_1_41' title='bbox 592 1073 658 1150; x_wconf 78' lang='grc' dir='ltr'><strong>πρὸς</strong></span> <span class='ocrx_word' id='word_1_42' title='bbox 672 1073 717 1127; x_wconf 85' lang='grc' dir='ltr'><strong>σύν</strong></span> <span class='ocrx_word' id='word_1_43' title='bbox 731 1074 858 1149; x_wconf 90' lang='grc' dir='ltr'><strong>νυμφίον.</strong></span> 
     </span>
    </p>
   </div>
   <div class='ocr_carea' id='block_1_4' title="bbox 558 1215 718 1270">
    <p class='ocr_par' dir='ltr' id='par_1_5' title="bbox 558 1215 718 1270">
     <span class='ocr_line' id='line_1_9' title="bbox 558 1215 718 1270; baseline -0.031 0"><span class='ocrx_word' id='word_1_44' title='bbox 558 1215 606 1270; x_wconf 76' lang='grc'><strong>99.</strong></span> <span class='ocrx_word' id='word_1_45' title='bbox 623 1221 718 1268; x_wconf 80' lang='grc' dir='ltr'><strong>ΑΔΛΟ.</strong></span> 
     </span>
    </p>
   </div>
   <div class='ocr_carea' id='block_1_5' title="bbox 325 1323 949 1392">
    <p class='ocr_par' dir='ltr' id='par_1_6' title="bbox 325 1323 949 1392">
     <span class='ocr_line' id='line_1_10' title="bbox 325 1323 949 1392; baseline -0.006 -16"><span class='ocrx_word' id='word_1_46' title='bbox 325 1327 385 1392; x_wconf 82' lang='grc' dir='ltr'><strong>Περὶ</strong></span> <span class='ocrx_word' id='word_1_47' title='bbox 398 1327 441 1385; x_wconf 77' lang='grc' dir='ltr'><strong>τῆς</strong></span> <span class='ocrx_word' id='word_1_48' title='bbox 452 1326 555 1375; x_wconf 69' lang='grc' dir='ltr'><strong>ἐνταῦθα</strong></span> <span class='ocrx_word' id='word_1_49' title='bbox 569 1323 732 1388; x_wconf 74' lang='grc' dir='ltr'><strong>ματαιότητος</strong></span> <span class='ocrx_word' id='word_1_50' title='bbox 745 1323 848 1386; x_wconf 77' lang='grc' dir='ltr'><strong>ἡρωικοὶ</strong></span> <span class='ocrx_word' id='word_1_51' title='bbox 861 1323 949 1387; x_wconf 83' lang='grc' dir='ltr'><strong>στίχοι.</strong></span> 
     </span>
    </p>
   </div>
   <div class='ocr_carea' id='block_1_6' title="bbox 1332 511 1551 570">
    <p class='ocr_par' dir='ltr' id='par_1_7' title="bbox 1332 511 1551 570">
     <span class='ocr_line' id='line_1_11' title="bbox 1332 511 1551 570; baseline -0.014 0"><span class='ocrx_word' id='word_1_52' title='bbox 1332 516 1376 570; x_wconf 75' lang='grc'><strong>91.</strong></span> <span class='ocrx_word' id='word_1_53' title='bbox 1396 511 1551 570; x_wconf 82' lang='lat' dir='ltr'><strong>lNCERTl.</strong></span> 
     </span>
    </p>
   </div>
   <div class='ocr_carea' id='block_1_7' title="bbox 1040 625 1592 718">
    <p class='ocr_par' dir='ltr' id='par_1_8' title="bbox 1040 625 1592 718">
     <span class='ocr_line' id='line_1_12' title="bbox 1040 625 1592 718; baseline 0.016 -23"><span class='ocrx_word' id='word_1_54' title='bbox 1040 625 1045 718; x_wconf 87' lang='grc' dir='ltr'>Ι</span> <span class='ocrx_word' id='word_1_55' title='bbox 1104 642 1172 699; x_wconf 82' lang='grc' dir='ltr'><strong>Αιιισ</strong></span> <span class='ocrx_word' id='word_1_56' title='bbox 1183 650 1222 711; x_wconf 89' lang='lat' dir='ltr'><strong>te,</strong></span> <span class='ocrx_word' id='word_1_57' title='bbox 1237 643 1336 717; x_wconf 90' lang='lat' dir='ltr'><strong>puella,</strong></span> <span class='ocrx_word' id='word_1_58' title='bbox 1351 644 1424 718; x_wconf 90' lang='lat' dir='ltr'><strong>quod</strong></span> <span class='ocrx_word' id='word_1_59' title='bbox 1438 661 1468 700; x_wconf 89' lang='lat' dir='ltr'><strong>es</strong></span> <span class='ocrx_word' id='word_1_60' title='bbox 1482 643 1592 717; x_wconf 83' lang='lat' dir='ltr'><strong>pudica.</strong></span> 
     </span>
    </p>
   </div>
   <div class='ocr_carea' id='block_1_8' title="bbox 1104 727 1800 1153">
    <p class='ocr_par' dir='ltr' id='par_1_9' title="bbox 1105 727 1672 803">
     <span class='ocr_line' id='line_1_13' title="bbox 1105 727 1672 803; baseline 0.005 -20"><span class='ocrx_word' id='word_1_61' title='bbox 1105 745 1166 784; x_wconf 88' lang='lat' dir='ltr'><strong>amo</strong></span> <span class='ocrx_word' id='word_1_62' title='bbox 1177 736 1216 797; x_wconf 90' lang='lat' dir='ltr'><strong>te,</strong></span> <span class='ocrx_word' id='word_1_63' title='bbox 1230 729 1328 803; x_wconf 89' lang='lat' dir='ltr'><strong>puella,</strong></span> <span class='ocrx_word' id='word_1_64' title='bbox 1343 730 1416 802; x_wconf 89' lang='lat' dir='ltr'><strong>quod</strong></span> <span class='ocrx_word' id='word_1_65' title='bbox 1430 727 1555 786; x_wconf 90' lang='lat' dir='ltr'><strong>maritum</strong></span> <span class='ocrx_word' id='word_1_66' title='bbox 1570 729 1672 803; x_wconf 77' lang='lat' dir='ltr'><strong>diligis,</strong></span> 
     </span>
    </p>

    <p class='ocr_par' dir='ltr' id='par_1_10' title="bbox 1105 817 1608 891">
     <span class='ocr_line' id='line_1_14' title="bbox 1105 817 1608 891; baseline 0.004 -19"><span class='ocrx_word' id='word_1_67' title='bbox 1105 833 1166 873; x_wconf 91' lang='lat' dir='ltr'><strong>amo</strong></span> <span class='ocrx_word' id='word_1_68' title='bbox 1179 824 1218 886; x_wconf 88' lang='lat' dir='ltr'><strong>te,</strong></span> <span class='ocrx_word' id='word_1_69' title='bbox 1232 817 1332 891; x_wconf 87' lang='lat' dir='ltr'><strong>puella,</strong></span> <span class='ocrx_word' id='word_1_70' title='bbox 1347 817 1421 891; x_wconf 87' lang='lat' dir='ltr'><strong>quod</strong></span> <span class='ocrx_word' id='word_1_71' title='bbox 1433 833 1464 874; x_wconf 86' lang='lat' dir='ltr'><strong>es</strong></span> <span class='ocrx_word' id='word_1_72' title='bbox 1477 817 1608 890; x_wconf 88' lang='lat' dir='ltr'><strong>prudeus,</strong></span> 
     </span>
    </p>

    <p class='ocr_par' dir='ltr' id='par_1_11' title="bbox 1104 903 1560 978">
     <span class='ocr_line' id='line_1_15' title="bbox 1104 903 1560 978; baseline 0 -18"><span class='ocrx_word' id='word_1_73' title='bbox 1104 919 1165 960; x_wconf 89' lang='lat' dir='ltr'><strong>amo</strong></span> <span class='ocrx_word' id='word_1_74' title='bbox 1177 910 1215 974; x_wconf 94' lang='lat' dir='ltr'><strong>te,</strong></span> <span class='ocrx_word' id='word_1_75' title='bbox 1231 904 1330 978; x_wconf 91' lang='lat' dir='ltr'><strong>puella,</strong></span> <span class='ocrx_word' id='word_1_76' title='bbox 1342 903 1416 978; x_wconf 90' lang='lat' dir='ltr'><strong>quod</strong></span> <span class='ocrx_word' id='word_1_77' title='bbox 1427 922 1458 960; x_wconf 87' lang='lat' dir='ltr'><strong>es</strong></span> <span class='ocrx_word' id='word_1_78' title='bbox 1470 903 1560 974; x_wconf 78' lang='lat' dir='ltr'><strong>fortis,</strong></span> 
     </span>
    </p>

    <p class='ocr_par' dir='ltr' id='par_1_12' title="bbox 1105 991 1602 1066">
     <span class='ocr_line' id='line_1_16' title="bbox 1105 991 1602 1066; baseline 0.002 -20"><span class='ocrx_word' id='word_1_79' title='bbox 1105 1008 1166 1047; x_wconf 90' lang='lat' dir='ltr'><strong>amo</strong></span> <span class='ocrx_word' id='word_1_80' title='bbox 1180 998 1217 1059; x_wconf 92' lang='lat' dir='ltr'><strong>te,</strong></span> <span class='ocrx_word' id='word_1_81' title='bbox 1233 991 1333 1066; x_wconf 90' lang='lat' dir='ltr'><strong>puella,</strong></span> <span class='ocrx_word' id='word_1_82' title='bbox 1348 991 1422 1065; x_wconf 88' lang='lat' dir='ltr'><strong>quod</strong></span> <span class='ocrx_word' id='word_1_83' title='bbox 1436 1009 1467 1048; x_wconf 88' lang='lat' dir='ltr'><strong>es</strong></span> <span class='ocrx_word' id='word_1_84' title='bbox 1479 991 1602 1064; x_wconf 87' lang='lat' dir='ltr'><strong>sapiens,</strong></span> 
     </span>
    </p>

    <p class='ocr_par' dir='ltr' id='par_1_13' title="bbox 1104 1077 1800 1153">
     <span class='ocr_line' id='line_1_17' title="bbox 1104 1077 1800 1153; baseline -0.003 -19"><span class='ocrx_word' id='word_1_85' title='bbox 1104 1085 1134 1136; x_wconf 92' lang='lat' dir='ltr'><strong>et</strong></span> <span class='ocrx_word' id='word_1_86' title='bbox 1145 1078 1219 1153; x_wconf 85' lang='lat' dir='ltr'><strong>quod</strong></span> <span class='ocrx_word' id='word_1_87' title='bbox 1229 1095 1321 1135; x_wconf 87' lang='lat' dir='ltr'><strong>amora</strong></span> <span class='ocrx_word' id='word_1_88' title='bbox 1334 1077 1455 1152; x_wconf 78' lang='lat' dir='ltr'><strong>ingenuo</strong></span> <span class='ocrx_word' id='word_1_89' title='bbox 1467 1095 1599 1152; x_wconf 87' lang='lat' dir='ltr'><strong>sponsum</strong></span> <span class='ocrx_word' id='word_1_90' title='bbox 1615 1078 1800 1153; x_wconf 77' lang='lat' dir='ltr'><strong>prosequeris.</strong></span> 
     </span>
    </p>
   </div>
   <div class='ocr_carea' id='block_1_9' title="bbox 1185 1222 1716 1376">
    <p class='ocr_par' dir='ltr' id='par_1_14' title="bbox 1185 1222 1716 1376">
     <span class='ocr_line' id='line_1_18' title="bbox 1372 1222 1536 1273; baseline -0.018 0"><span class='ocrx_word' id='word_1_91' title='bbox 1372 1222 1416 1273; x_wconf 71' lang='lat'><strong>92.</strong></span> <span class='ocrx_word' id='word_1_92' title='bbox 1436 1227 1536 1271; x_wconf 72' lang='lat' dir='ltr'><strong>abluo.</strong></span> 
     </span>
     <span class='ocr_line' id='line_1_19' title="bbox 1185 1323 1716 1376; baseline -0.004 -2"><span class='ocrx_word' id='word_1_93' title='bbox 1185 1325 1224 1376; x_wconf 90' lang='lat' dir='ltr'><strong>De</strong></span> <span class='ocrx_word' id='word_1_94' title='bbox 1237 1324 1355 1375; x_wconf 78' lang='lat' dir='ltr'><strong>terrestri</strong></span> <span class='ocrx_word' id='word_1_95' title='bbox 1368 1323 1482 1376; x_wconf 79' lang='lat' dir='ltr'><strong>vanitate</strong></span> <span class='ocrx_word' id='word_1_96' title='bbox 1501 1325 1599 1376; x_wconf 81' lang='lat' dir='ltr'><strong>heroici</strong></span> <span class='ocrx_word' id='word_1_97' title='bbox 1619 1339 1716 1374; x_wconf 78' lang='lat' dir='ltr'><strong>versus.</strong></span> 
     </span>
    </p>
   </div>
   <div class='ocr_carea' id='block_1_10' title="bbox 260 1439 1836 1520">
    <p class='ocr_par' dir='ltr' id='par_1_15' title="bbox 260 1439 1836 1520">
     <span class='ocr_line' id='line_1_20' title="bbox 260 1439 1836 1520; baseline -0.009 -5"><span class='ocrx_word' id='word_1_98' title='bbox 260 1447 325 1502; x_wconf 66' lang='grc' dir='ltr'>Εἰπὲ</span> <span class='ocrx_word' id='word_1_99' title='bbox 338 1448 390 1500; x_wconf 62' lang='grc' dir='ltr'><strong>9οὗ</strong></span> <span class='ocrx_word' id='word_1_100' title='bbox 404 1445 424 1514; x_wconf 71' lang='grc' dir='ltr'>ἧ</span> <span class='ocrx_word' id='word_1_101' title='bbox 438 1442 503 1520; x_wconf 72' lang='grc' dir='ltr'><strong>χθὲς</strong></span> <span class='ocrx_word' id='word_1_102' title='bbox 515 1439 577 1512; x_wconf 71' lang='grc' dir='ltr'><strong>ἶῧη,</strong></span> <span class='ocrx_word' id='word_1_103' title='bbox 592 1443 612 1510; x_wconf 75' lang='grc' dir='ltr'>ἦ</span> <span class='ocrx_word' id='word_1_104' title='bbox 629 1439 652 1496; x_wconf 71' lang='grc' dir='ltr'><strong>δ’</strong></span> <span class='ocrx_word' id='word_1_105' title='bbox 668 1441 761 1518; x_wconf 61' lang='grc' dir='ltr'><strong>αὔριον</strong></span> <span class='ocrx_word' id='word_1_106' title='bbox 777 1444 833 1497; x_wconf 74' lang='lat' dir='ltr'><strong>rint</strong></span> <span class='ocrx_word' id='word_1_107' title='bbox 847 1446 900 1496; x_wconf 69' lang='grc' dir='ltr'><strong>ποῦ</strong></span> <span class='ocrx_word' id='word_1_108' title='bbox 915 1444 994 1497; x_wconf 71' lang='grc' dir='ltr'><strong>ἔστιν·</strong></span> <span class='ocrx_word' id='word_1_109' title='bbox 1071 1449 1120 1506; x_wconf 86' lang='lat' dir='ltr'><strong>llic</strong></span> <span class='ocrx_word' id='word_1_110' title='bbox 1140 1450 1187 1506; x_wconf 89' lang='lat' dir='ltr'><strong>ubi</strong></span> <span class='ocrx_word' id='word_1_111' title='bbox 1207 1450 1336 1506; x_wconf 87' lang='lat' dir='ltr'><strong>hesterna</strong></span> <span class='ocrx_word' id='word_1_112' title='bbox 1353 1451 1411 1506; x_wconf 82' lang='lat' dir='ltr'><strong>dies</strong></span> <span class='ocrx_word' id='word_1_113' title='bbox 1423 1449 1532 1517; x_wconf 90' lang='lat' dir='ltr'><strong>abierit,</strong></span> <span class='ocrx_word' id='word_1_114' title='bbox 1546 1456 1576 1506; x_wconf 88' lang='lat' dir='ltr'><strong>et</strong></span> <span class='ocrx_word' id='word_1_115' title='bbox 1593 1448 1713 1505; x_wconf 87' lang='lat' dir='ltr'><strong>crastina</strong></span> <span class='ocrx_word' id='word_1_116' title='bbox 1724 1445 1768 1502; x_wconf 86' lang='lat' dir='ltr'><strong>dic</strong></span> <span class='ocrx_word' id='word_1_117' title='bbox 1784 1446 1836 1502; x_wconf 93' lang='lat' dir='ltr'><strong>ubi</strong></span> 
     </span>
    </p>
   </div>
   <div class='ocr_carea' id='block_1_11' title="bbox 299 1527 905 1608">
    <p class='ocr_par' dir='ltr' id='par_1_16' title="bbox 299 1527 905 1608">
     <span class='ocr_line' id='line_1_21' title="bbox 299 1527 905 1608; baseline -0.007 -20"><span class='ocrx_word' id='word_1_118' title='bbox 299 1535 355 1588; x_wconf 87' lang='grc' dir='ltr'><strong>είπέ</strong></span> <span class='ocrx_word' id='word_1_119' title='bbox 371 1531 452 1586; x_wconf 88' lang='grc' dir='ltr'><strong>πόθεν</strong></span> <span class='ocrx_word' id='word_1_120' title='bbox 466 1527 588 1608; x_wconf 82' lang='grc' dir='ltr'><strong>προῦόης</strong></span> <span class='ocrx_word' id='word_1_121' title='bbox 601 1531 648 1586; x_wconf 85' lang='grc' dir='ltr'><strong>καί</strong></span> <span class='ocrx_word' id='word_1_122' title='bbox 660 1533 713 1584; x_wconf 88' lang='grc' dir='ltr'><strong>ποῦ</strong></span> <span class='ocrx_word' id='word_1_123' title='bbox 730 1527 905 1606; x_wconf 86' lang='grc' dir='ltr'><strong>όδσιπορέεις·</strong></span> 
     </span>
    </p>
   </div>
   <div class='ocr_carea' id='block_1_12' title="bbox 1105 1534 1835 1612">
    <p class='ocr_par' dir='ltr' id='par_1_17' title="bbox 1105 1534 1835 1612">
     <span class='ocr_line' id='line_1_22' title="bbox 1105 1534 1835 1612; baseline -0.003 -21"><span class='ocrx_word' id='word_1_124' title='bbox 1105 1537 1232 1593; x_wconf 84' lang='lat' dir='ltr'><strong>dicunda</strong></span> <span class='ocrx_word' id='word_1_125' title='bbox 1244 1537 1403 1612; x_wconf 83' lang='lat' dir='ltr'><strong>proveneris</strong></span> <span class='ocrx_word' id='word_1_126' title='bbox 1417 1545 1445 1594; x_wconf 86' lang='lat' dir='ltr'><strong>et</strong></span> <span class='ocrx_word' id='word_1_127' title='bbox 1458 1553 1512 1610; x_wconf 87' lang='lat' dir='ltr'><strong>quo</strong></span> <span class='ocrx_word' id='word_1_128' title='bbox 1526 1534 1697 1592; x_wconf 83' lang='lat' dir='ltr'><strong>viam-iacias</strong></span> <span class='ocrx_word' id='word_1_129' title='bbox 1713 1552 1720 1590; x_wconf 79' lang='grc' dir='ltr'><strong>ι</strong></span> <span class='ocrx_word' id='word_1_130' title='bbox 1759 1534 1809 1606; x_wconf 89' lang='lat' dir='ltr'><strong>[sit</strong></span> <span class='ocrx_word' id='word_1_131' title='bbox 1827 1551 1835 1589; x_wconf 93' lang='lat'>:</span> 
     </span>
    </p>
   </div>
   <div class='ocr_carea' id='block_1_13' title="bbox 231 1614 1837 1872">
    <p class='ocr_par' dir='ltr' id='par_1_18' title="bbox 231 1614 1837 1872">
     <span class='ocr_line' id='line_1_23' title="bbox 259 1614 1809 1698; baseline -0.003 -22"><span class='ocrx_word' id='word_1_132' title='bbox 259 1625 306 1676; x_wconf 82' lang='grc' dir='ltr'><strong>καί</strong></span> <span class='ocrx_word' id='word_1_133' title='bbox 318 1624 344 1675; x_wconf 91' lang='grc' dir='ltr'><strong>τί</strong></span> <span class='ocrx_word' id='word_1_134' title='bbox 358 1623 428 1696; x_wconf 98' lang='grc' dir='ltr'><strong>μέγα</strong></span> <span class='ocrx_word' id='word_1_135' title='bbox 442 1615 519 1684; x_wconf 81' lang='grc' dir='ltr'><strong>ζώειν</strong></span> <span class='ocrx_word' id='word_1_136' title='bbox 534 1614 585 1696; x_wconf 89' lang='grc' dir='ltr'><strong>[σε]</strong></span> <span class='ocrx_word' id='word_1_137' title='bbox 597 1619 644 1672; x_wconf 82' lang='grc' dir='ltr'><strong>τόν</strong></span> <span class='ocrx_word' id='word_1_138' title='bbox 657 1618 755 1671; x_wconf 83' lang='grc' dir='ltr'><strong>αὐτίκα</strong></span> <span class='ocrx_word' id='word_1_139' title='bbox 768 1619 863 1694; x_wconf 85' lang='grc' dir='ltr'><strong>νεκρόν</strong></span> <span class='ocrx_word' id='word_1_140' title='bbox 878 1619 967 1675; x_wconf 78' lang='grc' dir='ltr'><strong>ἐόντα.</strong></span> <span class='ocrx_word' id='word_1_141' title='bbox 1071 1623 1175 1698; x_wconf 78' lang='lat' dir='ltr'><strong>etquid</strong></span> <span class='ocrx_word' id='word_1_142' title='bbox 1190 1641 1319 1698; x_wconf 71' lang='lat' dir='ltr'><strong>magnum</strong></span> <span class='ocrx_word' id='word_1_143' title='bbox 1332 1623 1425 1681; x_wconf 70' lang='lat' dir='ltr'><strong>vivere</strong></span> <span class='ocrx_word' id='word_1_144' title='bbox 1436 1630 1464 1680; x_wconf 79' lang='lat' dir='ltr'><strong>te</strong></span> <span class='ocrx_word' id='word_1_145' title='bbox 1478 1622 1526 1696; x_wconf 87' lang='lat' dir='ltr'><strong>qui</strong></span> <span class='ocrx_word' id='word_1_146' title='bbox 1539 1640 1603 1680; x_wconf 80' lang='lat' dir='ltr'><strong>mox</strong></span> <span class='ocrx_word' id='word_1_147' title='bbox 1616 1623 1731 1679; x_wconf 76' lang='lat' dir='ltr'><strong>cadaver</strong></span> <span class='ocrx_word' id='word_1_148' title='bbox 1742 1621 1809 1678; x_wconf 81' lang='lat' dir='ltr'><strong>eris.</strong></span> 
     </span>
     <span class='ocr_line' id='line_1_24' title="bbox 299 1693 1776 1785; baseline -0.003 -16"><span class='ocrx_word' id='word_1_149' title='bbox 299 1693 320 1764; x_wconf 86' lang='grc' dir='ltr'><strong>θ</strong></span> <span class='ocrx_word' id='word_1_150' title='bbox 334 1711 433 1784; x_wconf 80' lang='grc' dir='ltr'><strong>χρόνος</strong></span> <span class='ocrx_word' id='word_1_151' title='bbox 445 1709 578 1761; x_wconf 78' lang='grc' dir='ltr'><strong>ἀστατέει·</strong></span> <span class='ocrx_word' id='word_1_152' title='bbox 595 1702 690 1781; x_wconf 80' lang='grc' dir='ltr'><strong>φύλλῳ</strong></span> <span class='ocrx_word' id='word_1_153' title='bbox 705 1705 775 1760; x_wconf 77' lang='grc' dir='ltr'><strong>ἔοικε</strong></span> <span class='ocrx_word' id='word_1_154' title='bbox 791 1709 877 1782; x_wconf 82' lang='grc' dir='ltr'><strong>φύσις.</strong></span> <span class='ocrx_word' id='word_1_155' title='bbox 920 1703 1014 1782; x_wconf 58' lang='grc' dir='ltr'><strong>[δύνεις</strong></span> <span class='ocrx_word' id='word_1_156' title='bbox 1105 1713 1224 1785; x_wconf 81' lang='lat' dir='ltr'>Tempus</span> <span class='ocrx_word' id='word_1_157' title='bbox 1235 1712 1446 1768; x_wconf 76' lang='lat' dir='ltr'><strong>inconstansest</strong></span> <span class='ocrx_word' id='word_1_158' title='bbox 1460 1727 1468 1765; x_wconf 94' lang='lat'><strong>:</strong></span> <span class='ocrx_word' id='word_1_159' title='bbox 1484 1709 1549 1767; x_wconf 86' lang='lat' dir='ltr'><strong>lolio</strong></span> <span class='ocrx_word' id='word_1_160' title='bbox 1563 1709 1658 1766; x_wconf 87' lang='lat' dir='ltr'><strong>similis</strong></span> <span class='ocrx_word' id='word_1_161' title='bbox 1668 1716 1776 1765; x_wconf 90' lang='lat' dir='ltr'><strong>natura.</strong></span> 
     </span>
     <span class='ocr_line' id='line_1_25' title="bbox 231 1790 1837 1872; baseline -0.006 -14"><span class='ocrx_word' id='word_1_162' title='bbox 231 1807 244 1853; x_wconf 83' lang='lat'><strong>5</strong></span> <span class='ocrx_word' id='word_1_163' title='bbox 261 1799 327 1852; x_wconf 76' lang='grc' dir='ltr'><strong>Γαῖα</strong></span> <span class='ocrx_word' id='word_1_164' title='bbox 350 1794 446 1872; x_wconf 74' lang='grc' dir='ltr'><strong>βροτὸς</strong></span> <span class='ocrx_word' id='word_1_165' title='bbox 463 1795 510 1848; x_wconf 72' lang='grc' dir='ltr'><strong>καὶ</strong></span> <span class='ocrx_word' id='word_1_166' title='bbox 531 1790 614 1869; x_wconf 72' lang='grc' dir='ltr'><strong>ὕδωρ·</strong></span> <span class='ocrx_word' id='word_1_167' title='bbox 636 1793 671 1846; x_wconf 70' lang='grc' dir='ltr'><strong>τὰ</strong></span> <span class='ocrx_word' id='word_1_168' title='bbox 689 1790 737 1847; x_wconf 73' lang='grc' dir='ltr'><strong>ἀπ’</strong></span> <span class='ocrx_word' id='word_1_169' title='bbox 758 1795 871 1870; x_wconf 68' lang='grc' dir='ltr'><strong>αὐτόφιν</strong></span> <span class='ocrx_word' id='word_1_170' title='bbox 893 1797 930 1859; x_wconf 73' lang='grc' dir='ltr'><strong>εἰς</strong></span> <span class='ocrx_word' id='word_1_171' title='bbox 952 1791 1017 1849; x_wconf 76' lang='grc' dir='ltr'><strong>τάδε</strong></span> <span class='ocrx_word' id='word_1_172' title='bbox 1071 1801 1154 1855; x_wconf 88' lang='lat' dir='ltr'><strong>Terra</strong></span> <span class='ocrx_word' id='word_1_173' title='bbox 1169 1798 1291 1855; x_wconf 87' lang='lat' dir='ltr'><strong>mortalis</strong></span> <span class='ocrx_word' id='word_1_174' title='bbox 1305 1805 1333 1855; x_wconf 94' lang='lat' dir='ltr'><strong>et</strong></span> <span class='ocrx_word' id='word_1_175' title='bbox 1348 1815 1420 1871; x_wconf 86' lang='lat' dir='ltr'><strong>aqua</strong></span> <span class='ocrx_word' id='word_1_176' title='bbox 1437 1814 1519 1870; x_wconf 83' lang='lat' dir='ltr'><strong>:quae</strong></span> <span class='ocrx_word' id='word_1_177' title='bbox 1532 1803 1623 1854; x_wconf 88' lang='lat' dir='ltr'><strong>autem</strong></span> <span class='ocrx_word' id='word_1_178' title='bbox 1636 1813 1671 1853; x_wconf 84' lang='lat' dir='ltr'><strong>ax</strong></span> <span class='ocrx_word' id='word_1_179' title='bbox 1682 1795 1742 1852; x_wconf 81' lang='lat' dir='ltr'><strong>istis</strong></span> <span class='ocrx_word' id='word_1_180' title='bbox 1757 1799 1837 1863; x_wconf 70' lang='lat' dir='ltr'><strong>sactu</strong></span> 
     </span>
    </p>
   </div>
   <div class='ocr_carea' id='block_1_14' title="bbox 298 1877 865 1958">
    <p class='ocr_par' dir='ltr' id='par_1_19' title="bbox 298 1877 865 1958">
     <span class='ocr_line' id='line_1_26' title="bbox 298 1877 865 1958; baseline -0.005 -20"><span class='ocrx_word' id='word_1_181' title='bbox 298 1883 365 1938; x_wconf 84' lang='grc' dir='ltr'><strong>ὥστε</strong></span> <span class='ocrx_word' id='word_1_182' title='bbox 382 1883 471 1958; x_wconf 87' lang='grc' dir='ltr'><strong>μάτην</strong></span> <span class='ocrx_word' id='word_1_183' title='bbox 483 1882 498 1936; x_wconf 86' lang='grc' dir='ltr'><strong>ό</strong></span> <span class='ocrx_word' id='word_1_184' title='bbox 515 1877 573 1954; x_wconf 82' lang='grc' dir='ltr'><strong>βίος</strong></span> <span class='ocrx_word' id='word_1_185' title='bbox 587 1880 633 1934; x_wconf 85' lang='grc' dir='ltr'><strong>καί</strong></span> <span class='ocrx_word' id='word_1_186' title='bbox 648 1878 700 1934; x_wconf 76' lang='grc' dir='ltr'><strong>ὅσα</strong></span> <span class='ocrx_word' id='word_1_187' title='bbox 713 1899 752 1944; x_wconf 91' lang='grc' dir='ltr'><strong>τις</strong></span> <span class='ocrx_word' id='word_1_188' title='bbox 764 1884 865 1936; x_wconf 86' lang='grc' dir='ltr'><strong>πονέει.</strong></span> 
     </span>
    </p>
   </div>
   <div class='ocr_carea' id='block_1_15' title="bbox 560 2107 721 2165">
    <p class='ocr_par' dir='ltr' id='par_1_20' title="bbox 560 2107 721 2165">
     <span class='ocr_line' id='line_1_27' title="bbox 560 2107 721 2165; baseline -0.006 0"><span class='ocrx_word' id='word_1_189' title='bbox 560 2107 608 2165; x_wconf 89' lang='grc'><strong>93.</strong></span> <span class='ocrx_word' id='word_1_190' title='bbox 624 2119 721 2165; x_wconf 80' lang='lat' dir='ltr'><strong>anno.</strong></span> 
     </span>
    </p>
   </div>
   <div class='ocr_carea' id='block_1_16' title="bbox 262 2233 967 2403">
    <p class='ocr_par' dir='ltr' id='par_1_21' title="bbox 262 2233 967 2403">
     <span class='ocr_line' id='line_1_28' title="bbox 262 2233 967 2316; baseline 0 -22"><span class='ocrx_word' id='word_1_191' title='bbox 262 2241 352 2294; x_wconf 80' lang='grc' dir='ltr'><strong>Είπεῑν</strong></span> <span class='ocrx_word' id='word_1_192' title='bbox 365 2240 404 2301; x_wconf 90' lang='grc' dir='ltr'><strong>τίς</strong></span> <span class='ocrx_word' id='word_1_193' title='bbox 418 2233 531 2291; x_wconf 88' lang='grc' dir='ltr'><strong>δύναται</strong></span> <span class='ocrx_word' id='word_1_194' title='bbox 545 2239 643 2306; x_wconf 87' lang='grc' dir='ltr'><strong>σκῆνος</strong></span> <span class='ocrx_word' id='word_1_195' title='bbox 654 2234 822 2314; x_wconf 87' lang='grc' dir='ltr'><strong>λιπόσαρκον</strong></span> <span class='ocrx_word' id='word_1_196' title='bbox 836 2236 967 2316; x_wconf 68' lang='grc' dir='ltr'><strong>ἀθρήσας,</strong></span> 
     </span>
     <span class='ocr_line' id='line_1_29' title="bbox 262 2310 858 2403; baseline 0.002 -23"><span class='ocrx_word' id='word_1_197' title='bbox 262 2329 335 2403; x_wconf 84' lang='grc' dir='ltr'><strong>εἴπερ</strong></span> <span class='ocrx_word' id='word_1_198' title='bbox 348 2310 452 2393; x_wconf 77' lang='grc' dir='ltr'><strong>Ϋλαςῆ</strong></span> <span class='ocrx_word' id='word_1_199' title='bbox 469 2320 654 2400; x_wconf 75' lang='grc' dir='ltr'><strong>Θερσίτηςην,</strong></span> <span class='ocrx_word' id='word_1_200' title='bbox 670 2319 691 2377; x_wconf 82' lang='grc' dir='ltr'><em>ὦ</em></span> <span class='ocrx_word' id='word_1_201' title='bbox 706 2322 858 2402; x_wconf 83' lang='grc' dir='ltr'><strong>παροδῖτα;</strong></span> 
     </span>
    </p>
   </div>
   <div class='ocr_carea' id='block_1_17' title="bbox 559 2463 719 2519">
    <p class='ocr_par' dir='ltr' id='par_1_22' title="bbox 559 2463 719 2519">
     <span class='ocr_line' id='line_1_30' title="bbox 559 2463 719 2519; baseline 0 -1"><span class='ocrx_word' id='word_1_202' title='bbox 559 2463 606 2519; x_wconf 84' lang='grc' dir='ltr'><strong>9ί.</strong></span> <span class='ocrx_word' id='word_1_203' title='bbox 622 2469 719 2518; x_wconf 76' lang='lat' dir='ltr'><strong>Addo.</strong></span> 
     </span>
    </p>
   </div>
   <div class='ocr_carea' id='block_1_18' title="bbox 264 2571 972 2750">
    <p class='ocr_par' dir='ltr' id='par_1_23' title="bbox 264 2571 972 2750">
     <span class='ocr_line' id='line_1_31' title="bbox 265 2571 972 2662; baseline 0.006 -22"><span class='ocrx_word' id='word_1_204' title='bbox 265 2571 380 2662; x_wconf 74' lang='grc' dir='ltr'><strong>ὄμμασι</strong></span> <span class='ocrx_word' id='word_1_205' title='bbox 392 2587 597 2662; x_wconf 88' lang='grc' dir='ltr'><strong>πυρσοτόκοισιν</strong></span> <span class='ocrx_word' id='word_1_206' title='bbox 612 2581 758 2662; x_wconf 75' lang='grc' dir='ltr'><strong>ἀλάστορες</strong></span> <span class='ocrx_word' id='word_1_207' title='bbox 772 2586 855 2642; x_wconf 79' lang='grc' dir='ltr'><strong>εἴκετε</strong></span> <span class='ocrx_word' id='word_1_208' title='bbox 867 2590 972 2653; x_wconf 81' lang='grc' dir='ltr'><strong>πάντες·</strong></span> 
     </span>
     <span class='ocr_line' id='line_1_32' title="bbox 264 2668 940 2750; baseline 0.006 -22"><span class='ocrx_word' id='word_1_209' title='bbox 264 2675 295 2728; x_wconf 85' lang='grc' dir='ltr'><strong>οὐ</strong></span> <span class='ocrx_word' id='word_1_210' title='bbox 309 2671 385 2750; x_wconf 90' lang='grc' dir='ltr'><strong>θέμις</strong></span> <span class='ocrx_word' id='word_1_211' title='bbox 399 2669 536 2735; x_wconf 76' lang='grc' dir='ltr'><strong>ἀντιθέους</strong></span> <span class='ocrx_word' id='word_1_212' title='bbox 546 2671 618 2749; x_wconf 86' lang='grc' dir='ltr'><strong>ίερδν</strong></span> <span class='ocrx_word' id='word_1_213' title='bbox 632 2668 718 2746; x_wconf 83' lang='grc' dir='ltr'><strong>δόμον</strong></span> <span class='ocrx_word' id='word_1_214' title='bbox 733 2673 940 2750; x_wconf 71' lang='grc' dir='ltr'><strong>ἀμφιπολεύειν.</strong></span> 
     </span>
    </p>
   </div>
   <div class='ocr_carea' id='block_1_19' title="bbox 558 2811 721 2870">
    <p class='ocr_par' dir='ltr' id='par_1_24' title="bbox 558 2811 721 2870">
     <span class='ocr_line' id='line_1_33' title="bbox 558 2811 721 2870; baseline -0.012 0"><span class='ocrx_word' id='word_1_215' title='bbox 558 2811 606 2870; x_wconf 85' lang='grc'><strong>95.</strong></span> <span class='ocrx_word' id='word_1_216' title='bbox 623 2819 721 2869; x_wconf 79' lang='lat' dir='ltr'><strong>anno·</strong></span> 
     </span>
    </p>
   </div>
   <div class='ocr_carea' id='block_1_20' title="bbox 344 2928 845 3108">
    <p class='ocr_par' dir='ltr' id='par_1_25' title="bbox 344 2928 845 3108">
     <span class='ocr_line' id='line_1_34' title="bbox 344 2928 845 3022; baseline 0 -24"><span class='ocrx_word' id='word_1_217' title='bbox 344 2928 365 2998; x_wconf 78' lang='lat' dir='ltr'><strong>ll</strong></span> <span class='ocrx_word' id='word_1_218' title='bbox 380 2945 539 3020; x_wconf 86' lang='grc' dir='ltr'><strong>σωφροσύνη</strong></span> <span class='ocrx_word' id='word_1_219' title='bbox 552 2942 602 2997; x_wconf 81' lang='grc' dir='ltr'><strong>κᾶν</strong></span> <span class='ocrx_word' id='word_1_220' title='bbox 614 2945 712 3020; x_wconf 85' lang='grc' dir='ltr'><strong>κυίσκη</strong></span> <span class='ocrx_word' id='word_1_221' title='bbox 728 2947 845 3022; x_wconf 88' lang='grc' dir='ltr'><strong>πικρίαν,</strong></span> 
     </span>
     <span class='ocr_line' id='line_1_35' title="bbox 345 3027 833 3108; baseline 0.004 -24"><span class='ocrx_word' id='word_1_222' title='bbox 345 3027 419 3084; x_wconf 82' lang='grc' dir='ltr'><strong>ἀλλὰ</strong></span> <span class='ocrx_word' id='word_1_223' title='bbox 436 3027 624 3106; x_wconf 88' lang='grc' dir='ltr'><strong>μελιττόεσσαν</strong></span> <span class='ocrx_word' id='word_1_224' title='bbox 639 3027 730 3084; x_wconf 82' lang='grc' dir='ltr'><strong>ὠδίνει</strong></span> <span class='ocrx_word' id='word_1_225' title='bbox 741 3035 833 3108; x_wconf 86' lang='grc' dir='ltr'><strong>χάριν.</strong></span> 
     </span>
    </p>
   </div>
   <div class='ocr_carea' id='block_1_21' title="bbox 556 3165 726 3222">
    <p class='ocr_par' dir='ltr' id='par_1_26' title="bbox 556 3165 726 3222">
     <span class='ocr_line' id='line_1_36' title="bbox 556 3165 726 3222; baseline -0.006 -1"><span class='ocrx_word' id='word_1_226' title='bbox 556 3165 604 3222; x_wconf 88' lang='grc'><strong>96.</strong></span> <span class='ocrx_word' id='word_1_227' title='bbox 628 3172 726 3220; x_wconf 76' lang='lat' dir='ltr'><strong>Anno.</strong></span> 
     </span>
    </p>
   </div>
   <div class='ocr_carea' id='block_1_22' title="bbox 236 3282 986 3714">
    <p class='ocr_par' dir='ltr' id='par_1_27' title="bbox 343 3282 986 3624">
     <span class='ocr_line' id='line_1_37' title="bbox 344 3282 897 3364; baseline 0.002 -24"><span class='ocrx_word' id='word_1_228' title='bbox 344 3287 428 3341; x_wconf 87' lang='grc' dir='ltr'><strong>Πόνσι</strong></span> <span class='ocrx_word' id='word_1_229' title='bbox 441 3282 570 3340; x_wconf 83' lang='grc' dir='ltr'><strong>δάκνουσι</strong></span> <span class='ocrx_word' id='word_1_230' title='bbox 582 3287 646 3350; x_wconf 87' lang='grc' dir='ltr'><strong>τούς</strong></span> <span class='ocrx_word' id='word_1_231' title='bbox 659 3283 811 3355; x_wconf 79' lang='grc' dir='ltr'><strong>ἀσυνήθεις,</strong></span> <span class='ocrx_word' id='word_1_232' title='bbox 825 3285 897 3364; x_wconf 80' lang='grc' dir='ltr'><strong>φίλιε,</strong></span> 
     </span>
     <span class='ocr_line' id='line_1_38' title="bbox 345 3369 948 3450; baseline 0.01 -23"><span class='ocrx_word' id='word_1_233' title='bbox 345 3369 569 3449; x_wconf 80' lang='grc' dir='ltr'><strong>Καρχαρόδοντες</strong></span> <span class='ocrx_word' id='word_1_234' title='bbox 581 3377 658 3436; x_wconf 82' lang='grc' dir='ltr'><strong>κύνες</strong></span> <span class='ocrx_word' id='word_1_235' title='bbox 672 3373 759 3450; x_wconf 79' lang='grc' dir='ltr'><strong>ὥσπερ</strong></span> <span class='ocrx_word' id='word_1_236' title='bbox 772 3375 835 3438; x_wconf 85' lang='grc' dir='ltr'><strong>τοὺς</strong></span> <span class='ocrx_word' id='word_1_237' title='bbox 848 3370 948 3439; x_wconf 70' lang='grc' dir='ltr'><strong>ξένους.</strong></span> 
     </span>
     <span class='ocr_line' id='line_1_39' title="bbox 343 3455 986 3540; baseline 0.005 -24"><span class='ocrx_word' id='word_1_238' title='bbox 343 3463 446 3516; x_wconf 89' lang='grc' dir='ltr'><strong>Τούτου</strong></span> <span class='ocrx_word' id='word_1_239' title='bbox 462 3455 491 3514; x_wconf 86' lang='grc' dir='ltr'><strong>δέ</strong></span> <span class='ocrx_word' id='word_1_240' title='bbox 506 3461 594 3536; x_wconf 86' lang='grc' dir='ltr'><strong>σαφὴς</strong></span> <span class='ocrx_word' id='word_1_241' title='bbox 608 3455 687 3524; x_wconf 79' lang='grc' dir='ltr'><strong>δεῖξις</strong></span> <span class='ocrx_word' id='word_1_242' title='bbox 701 3462 731 3514; x_wconf 83' lang='grc' dir='ltr'><strong>ίκ</strong></span> <span class='ocrx_word' id='word_1_243' title='bbox 743 3463 795 3515; x_wconf 81' lang='grc' dir='ltr'><strong>τῶν</strong></span> <span class='ocrx_word' id='word_1_244' title='bbox 808 3465 986 3540; x_wconf 81' lang='grc' dir='ltr'><strong>πραγμάτων.</strong></span> 
     </span>
     <span class='ocr_line' id='line_1_40' title="bbox 343 3543 934 3624; baseline 0.003 -22"><span class='ocrx_word' id='word_1_245' title='bbox 343 3549 447 3602; x_wconf 77' lang='grc' dir='ltr'><strong>Στύτύν</strong></span> <span class='ocrx_word' id='word_1_246' title='bbox 464 3545 575 3624; x_wconf 81' lang='grc' dir='ltr'><strong>μοχθεῖν</strong></span> <span class='ocrx_word' id='word_1_247' title='bbox 589 3543 659 3613; x_wconf 79' lang='grc' dir='ltr'><strong>έθιζε</strong></span> <span class='ocrx_word' id='word_1_248' title='bbox 672 3546 780 3616; x_wconf 82' lang='grc' dir='ltr'><strong>λοιπόν,</strong></span> <span class='ocrx_word' id='word_1_249' title='bbox 797 3545 818 3603; x_wconf 82' lang='grc' dir='ltr'><em>ὦ</em></span> <span class='ocrx_word' id='word_1_250' title='bbox 831 3552 934 3616; x_wconf 85' lang='grc' dir='ltr'><strong>τέκνον,</strong></span> 
     </span>
    </p>

    <p class='ocr_par' dir='ltr' id='par_1_28' title="bbox 236 3631 921 3714">
     <span class='ocr_line' id='line_1_41' title="bbox 236 3631 921 3714; baseline 0.007 -25"><span class='ocrx_word' id='word_1_251' title='bbox 236 3668 249 3714; x_wconf 81' lang='lat'><strong>5</strong></span> <span class='ocrx_word' id='word_1_252' title='bbox 344 3637 415 3690; x_wconf 86' lang='grc' dir='ltr'><strong>ὡσάν</strong></span> <span class='ocrx_word' id='word_1_253' title='bbox 430 3639 525 3713; x_wconf 85' lang='grc' dir='ltr'><strong>φύγοις</strong></span> <span class='ocrx_word' id='word_1_254' title='bbox 537 3631 667 3710; x_wconf 78' lang='grc' dir='ltr'><strong>δήγματα</strong></span> <span class='ocrx_word' id='word_1_255' title='bbox 680 3633 808 3712; x_wconf 79' lang='grc' dir='ltr'><strong>χαλεπῶν</strong></span> <span class='ocrx_word' id='word_1_256' title='bbox 822 3639 921 3695; x_wconf 86' lang='grc' dir='ltr'><strong>πόνων.</strong></span> 
     </span>
    </p>
   </div>
   <div class='ocr_carea' id='block_1_23' title="bbox 559 3775 725 3832">
    <p class='ocr_par' dir='ltr' id='par_1_29' title="bbox 559 3775 725 3832">
     <span class='ocr_line' id='line_1_42' title="bbox 559 3775 725 3832; baseline -0.012 0"><span class='ocrx_word' id='word_1_257' title='bbox 559 3775 607 3832; x_wconf 88' lang='grc'><strong>97.</strong></span> <span class='ocrx_word' id='word_1_258' title='bbox 628 3783 725 3832; x_wconf 75' lang='lat' dir='ltr'><strong>nano,</strong></span> 
     </span>
    </p>
   </div>
   <div class='ocr_carea' id='block_1_24' title="bbox 265 3904 914 4160">
    <p class='ocr_par' dir='ltr' id='par_1_30' title="bbox 265 3904 914 4160">
     <span class='ocr_line' id='line_1_43' title="bbox 266 3904 914 3985; baseline 0.002 -22"><span class='ocrx_word' id='word_1_259' title='bbox 266 3907 304 3963; x_wconf 87' lang='grc' dir='ltr'><strong>Ού</strong></span> <span class='ocrx_word' id='word_1_260' title='bbox 318 3911 425 3983; x_wconf 83' lang='grc' dir='ltr'><strong>νέμεσις</strong></span> <span class='ocrx_word' id='word_1_261' title='bbox 439 3907 599 3985; x_wconf 88' lang='grc' dir='ltr'><strong>ἀπαφίσκειν</strong></span> <span class='ocrx_word' id='word_1_262' title='bbox 613 3905 678 3963; x_wconf 86' lang='grc' dir='ltr'><strong>οὐδέ</strong></span> <span class='ocrx_word' id='word_1_263' title='bbox 692 3905 762 3970; x_wconf 81' lang='grc' dir='ltr'><strong>θεοῖς</strong></span> <span class='ocrx_word' id='word_1_264' title='bbox 778 3904 914 3982; x_wconf 82' lang='grc' dir='ltr'><strong>βασιλῆας</strong></span> 
     </span>
     <span class='ocr_line' id='line_1_44' title="bbox 265 3992 907 4073; baseline 0.002 -23"><span class='ocrx_word' id='word_1_265' title='bbox 265 3994 319 4050; x_wconf 84' lang='grc' dir='ltr'><strong>οῖσι</strong></span> <span class='ocrx_word' id='word_1_266' title='bbox 331 3996 502 4072; x_wconf 89' lang='grc' dir='ltr'><strong>κακορραφίη</strong></span> <span class='ocrx_word' id='word_1_267' title='bbox 515 4013 545 4049; x_wconf 89' lang='grc' dir='ltr'><strong>τε</strong></span> <span class='ocrx_word' id='word_1_268' title='bbox 561 3992 638 4070; x_wconf 85' lang='grc' dir='ltr'><strong>μέλει</strong></span> <span class='ocrx_word' id='word_1_269' title='bbox 651 3996 698 4050; x_wconf 81' lang='grc' dir='ltr'><strong>καί</strong></span> <span class='ocrx_word' id='word_1_270' title='bbox 712 3992 795 4072; x_wconf 85' lang='grc' dir='ltr'><strong>ίχθεα</strong></span> <span class='ocrx_word' id='word_1_271' title='bbox 808 3993 907 4073; x_wconf 90' lang='grc' dir='ltr'><strong>λυγρά·</strong></span> 
     </span>
     <span class='ocr_line' id='line_1_45' title="bbox 266 4065 853 4160; baseline -0.003 -22"><span class='ocrx_word' id='word_1_272' title='bbox 266 4080 311 4138; x_wconf 76' lang='lat' dir='ltr'><strong>oio</strong></span> <span class='ocrx_word' id='word_1_273' title='bbox 325 4083 372 4136; x_wconf 88' lang='grc' dir='ltr'><strong>καί</strong></span> <span class='ocrx_word' id='word_1_274' title='bbox 385 4065 512 4159; x_wconf 78' lang='grc' dir='ltr'><strong>Ᾰτρείωνι</strong></span> <span class='ocrx_word' id='word_1_275' title='bbox 523 4083 639 4159; x_wconf 79' lang='grc' dir='ltr'><strong>ἀνάρσια</strong></span> <span class='ocrx_word' id='word_1_276' title='bbox 652 4082 719 4160; x_wconf 77' lang='grc' dir='ltr'><strong>ἔργα</strong></span> <span class='ocrx_word' id='word_1_277' title='bbox 730 4085 853 4138; x_wconf 89' lang='grc' dir='ltr'><strong>τέτυκται</strong></span> 
     </span>
    </p>
   </div>
   <div class='ocr_carea' id='block_1_25' title="bbox 238 4152 948 4324">
    <p class='ocr_par' dir='ltr' id='par_1_31' title="bbox 238 4152 948 4324">
     <span class='ocr_line' id='line_1_46' title="bbox 266 4152 929 4246; baseline 0.002 -22"><span class='ocrx_word' id='word_1_278' title='bbox 266 4172 302 4232; x_wconf 85' lang='grc' dir='ltr'><strong>εἰς</strong></span> <span class='ocrx_word' id='word_1_279' title='bbox 315 4152 426 4246; x_wconf 81' lang='grc' dir='ltr'><strong>Ᾰχιλῆα</strong></span> <span class='ocrx_word' id='word_1_280' title='bbox 441 4171 598 4246; x_wconf 89' lang='grc' dir='ltr'><strong>περίφρονα,</strong></span> <span class='ocrx_word' id='word_1_281' title='bbox 616 4169 741 4246; x_wconf 89' lang='grc' dir='ltr'><strong>όρχαμον</strong></span> <span class='ocrx_word' id='word_1_282' title='bbox 754 4171 929 4244; x_wconf 74' lang='grc' dir='ltr'><strong>ἧγεμονήων.</strong></span> 
     </span>
     <span class='ocr_line' id='line_1_47' title="bbox 238 4243 948 4324; baseline 0.003 -20"><span class='ocrx_word' id='word_1_283' title='bbox 238 4276 251 4322; x_wconf 75' lang='lat'><strong>5</strong></span> <span class='ocrx_word' id='word_1_284' title='bbox 266 4250 308 4323; x_wconf 85' lang='grc' dir='ltr'><strong>Τῷ</strong></span> <span class='ocrx_word' id='word_1_285' title='bbox 324 4249 358 4324; x_wconf 79' lang='lat' dir='ltr'><strong>pc</strong></span> <span class='ocrx_word' id='word_1_286' title='bbox 372 4250 419 4302; x_wconf 90' lang='grc' dir='ltr'><strong>καί</strong></span> <span class='ocrx_word' id='word_1_287' title='bbox 431 4243 598 4318; x_wconf 76' lang='grc' dir='ltr'><strong>ίξαπάτηται</strong></span> <span class='ocrx_word' id='word_1_288' title='bbox 612 4251 660 4303; x_wconf 87' lang='grc' dir='ltr'><strong>καί</strong></span> <span class='ocrx_word' id='word_1_289' title='bbox 672 4247 758 4303; x_wconf 86' lang='grc' dir='ltr'><strong>πολύν</strong></span> <span class='ocrx_word' id='word_1_290' title='bbox 773 4246 858 4304; x_wconf 80' lang='grc' dir='ltr'><strong>ὤλεσε</strong></span> <span class='ocrx_word' id='word_1_291' title='bbox 869 4247 948 4306; x_wconf 90' lang='grc' dir='ltr'><strong>λαόν.</strong></span> 
     </span>
    </p>
   </div>
   <div class='ocr_carea' id='block_1_26' title="bbox 267 4331 883 4406">
    <p class='ocr_par' dir='ltr' id='par_1_32' title="bbox 267 4331 883 4406">
     <span class='ocr_line' id='line_1_48' title="bbox 267 4331 883 4406; baseline 0.002 -14"><span class='ocrx_word' id='word_1_292' title='bbox 267 4335 358 4399; x_wconf 79' lang='grc' dir='ltr'><strong>Οὕτως</strong></span> <span class='ocrx_word' id='word_1_293' title='bbox 371 4337 392 4406; x_wconf 77' lang='grc' dir='ltr'>ἡ</span> <span class='ocrx_word' id='word_1_294' title='bbox 407 4331 550 4400; x_wconf 74' lang='grc' dir='ltr'><strong>πλεονεξία</strong></span> <span class='ocrx_word' id='word_1_295' title='bbox 566 4333 662 4391; x_wconf 85' lang='grc' dir='ltr'><strong>ἔπλετο</strong></span> <span class='ocrx_word' id='word_1_296' title='bbox 676 4339 743 4391; x_wconf 87' lang='grc' dir='ltr'><strong>πάσι</strong></span> <span class='ocrx_word' id='word_1_297' title='bbox 756 4339 883 4406; x_wconf 86' lang='grc' dir='ltr'><strong>κακίστη.</strong></span> 
     </span>
    </p>
   </div>
   <div class='ocr_carea' id='block_1_27' title="bbox 562 4467 724 4525">
    <p class='ocr_par' dir='ltr' id='par_1_33' title="bbox 562 4467 724 4525">
     <span class='ocr_line' id='line_1_49' title="bbox 562 4467 724 4525; baseline -0.012 -1"><span class='ocrx_word' id='word_1_298' title='bbox 562 4467 610 4525; x_wconf 73' lang='grc'><strong>98.</strong></span> <span class='ocrx_word' id='word_1_299' title='bbox 626 4473 724 4524; x_wconf 81' lang='grc' dir='ltr'><strong>ΑΛΛΟ.</strong></span> 
     </span>
    </p>
   </div>
   <div class='ocr_carea' id='block_1_28' title="bbox 522 4575 763 4641">
    <p class='ocr_par' dir='ltr' id='par_1_34' title="bbox 522 4575 763 4641">
     <span class='ocr_line' id='line_1_50' title="bbox 522 4575 763 4641; baseline 0 -16"><span class='ocrx_word' id='word_1_300' title='bbox 522 4579 601 4641; x_wconf 73' lang='lat' dir='ltr'><strong>‘&#39;Opoc</strong></span> <span class='ocrx_word' id='word_1_301' title='bbox 614 4577 661 4626; x_wconf 82' lang='grc' dir='ltr'><strong>τῶν</strong></span> <span class='ocrx_word' id='word_1_302' title='bbox 675 4575 763 4628; x_wconf 78' lang='grc' dir='ltr'><strong>ὄντων.</strong></span> 
     </span>
    </p>
   </div>
   <div class='ocr_carea' id='block_1_29' title="bbox 344 4682 990 5125">
    <p class='ocr_par' dir='ltr' id='par_1_35' title="bbox 344 4682 990 5125">
     <span class='ocr_line' id='line_1_51' title="bbox 344 4682 911 4774; baseline -0.005 -21"><span class='ocrx_word' id='word_1_303' title='bbox 344 4682 464 4753; x_wconf 52' lang='lat' dir='ltr'><strong>lincares</strong></span> <span class='ocrx_word' id='word_1_304' title='bbox 479 4693 615 4760; x_wconf 78' lang='grc' dir='ltr'><strong>εἶναιτοῖς</strong></span> <span class='ocrx_word' id='word_1_305' title='bbox 629 4699 722 4774; x_wconf 78' lang='grc' dir='ltr'><strong>σοφοῖς</strong></span> <span class='ocrx_word' id='word_1_306' title='bbox 733 4693 807 4752; x_wconf 78' lang='grc' dir='ltr'><strong>τοῦτ’</strong></span> <span class='ocrx_word' id='word_1_307' title='bbox 823 4698 911 4752; x_wconf 87' lang='grc' dir='ltr'><strong>οὐσία·</strong></span> 
     </span>
     <span class='ocr_line' id='line_1_52' title="bbox 344 4781 961 4862; baseline 0 -23"><span class='ocrx_word' id='word_1_308' title='bbox 344 4785 427 4839; x_wconf 80' lang='grc' dir='ltr'><strong>ποσόν</strong></span> <span class='ocrx_word' id='word_1_309' title='bbox 441 4781 481 4856; x_wconf 82' lang='grc' dir='ltr'><strong>δέ,</strong></span> <span class='ocrx_word' id='word_1_310' title='bbox 501 4787 597 4861; x_wconf 88' lang='grc' dir='ltr'><strong>μέτρον</strong></span> <span class='ocrx_word' id='word_1_311' title='bbox 611 4781 754 4860; x_wconf 84' lang='grc' dir='ltr'><strong>κάριθμύς,</strong></span> <span class='ocrx_word' id='word_1_312' title='bbox 770 4785 851 4860; x_wconf 77' lang='grc' dir='ltr'><strong>ῥοπὴ,</strong></span> <span class='ocrx_word' id='word_1_313' title='bbox 869 4783 961 4862; x_wconf 86' lang='grc' dir='ltr'><strong>βάρος·</strong></span> 
     </span>
     <span class='ocr_line' id='line_1_53' title="bbox 345 4868 967 4950; baseline 0 -24"><span class='ocrx_word' id='word_1_314' title='bbox 345 4873 376 4926; x_wconf 87' lang='grc' dir='ltr'><strong>τό</strong></span> <span class='ocrx_word' id='word_1_315' title='bbox 389 4875 455 4950; x_wconf 89' lang='grc' dir='ltr'><strong>πρός</strong></span> <span class='ocrx_word' id='word_1_316' title='bbox 467 4891 494 4926; x_wconf 90' lang='grc' dir='ltr'><strong>τι</strong></span> <span class='ocrx_word' id='word_1_317' title='bbox 509 4868 534 4926; x_wconf 84' lang='grc' dir='ltr'><strong>δ’</strong></span> <span class='ocrx_word' id='word_1_318' title='bbox 549 4872 617 4927; x_wconf 89' lang='grc' dir='ltr'><strong>ίστιν</strong></span> <span class='ocrx_word' id='word_1_319' title='bbox 630 4871 651 4942; x_wconf 78' lang='grc' dir='ltr'><strong>ἢ</strong></span> <span class='ocrx_word' id='word_1_320' title='bbox 666 4871 732 4950; x_wconf 86' lang='grc' dir='ltr'><strong>πρός</strong></span> <span class='ocrx_word' id='word_1_321' title='bbox 745 4869 815 4926; x_wconf 84' lang='grc' dir='ltr'><strong>ἀλλο</strong></span> <span class='ocrx_word' id='word_1_322' title='bbox 830 4889 856 4925; x_wconf 87' lang='grc' dir='ltr'><strong>τι</strong></span> <span class='ocrx_word' id='word_1_323' title='bbox 869 4875 967 4948; x_wconf 89' lang='grc' dir='ltr'><strong>σχέσις·</strong></span> 
     </span>
     <span class='ocr_line' id='line_1_54' title="bbox 345 4957 913 5038; baseline 0 -25"><span class='ocrx_word' id='word_1_324' title='bbox 345 4960 433 5025; x_wconf 87' lang='grc' dir='ltr'><strong>ποιόν,</strong></span> <span class='ocrx_word' id='word_1_325' title='bbox 446 4961 601 5038; x_wconf 74' lang='grc' dir='ltr'><strong>χαρακτὴρ,</strong></span> <span class='ocrx_word' id='word_1_326' title='bbox 616 4957 696 5032; x_wconf 80' lang='grc' dir='ltr'><strong>εἶδος,</strong></span> <span class='ocrx_word' id='word_1_327' title='bbox 711 4961 731 5029; x_wconf 80' lang='grc' dir='ltr'><strong>ἠ</strong></span> <span class='ocrx_word' id='word_1_328' title='bbox 746 4961 913 5028; x_wconf 81' lang='grc' dir='ltr'><strong>τοιουτότης·</strong></span> 
     </span>
     <span class='ocr_line' id='line_1_55' title="bbox 346 5044 990 5125; baseline 0.006 -26"><span class='ocrx_word' id='word_1_329' title='bbox 346 5049 409 5118; x_wconf 89' lang='grc' dir='ltr'><strong>πού,</strong></span> <span class='ocrx_word' id='word_1_330' title='bbox 424 5044 597 5123; x_wconf 78' lang='grc' dir='ltr'><strong>συμύεόηκός</strong></span> <span class='ocrx_word' id='word_1_331' title='bbox 610 5051 657 5104; x_wconf 83' lang='grc' dir='ltr'><strong>τοῦ</strong></span> <span class='ocrx_word' id='word_1_332' title='bbox 672 5051 768 5104; x_wconf 87' lang='grc' dir='ltr'><strong>τόπου·</strong></span> <span class='ocrx_word' id='word_1_333' title='bbox 786 5051 862 5114; x_wconf 89' lang='grc' dir='ltr'><strong>πότε,</strong></span> <span class='ocrx_word' id='word_1_334' title='bbox 878 5050 990 5125; x_wconf 89' lang='grc' dir='ltr'><strong>χρόνου·</strong></span> 
     </span>
    </p>
   </div>
   <div class='ocr_carea' id='block_1_30' title="bbox 1107 1883 1836 2047">
    <p class='ocr_par' dir='ltr' id='par_1_36' title="bbox 1107 1883 1836 2047">
     <span class='ocr_line' id='line_1_56' title="bbox 1508 1883 1836 1958; baseline -0.009 -16"><span class='ocrx_word' id='word_1_335' title='bbox 1508 1887 1582 1958; x_wconf 77' lang='lat' dir='ltr'><strong>[sunt</strong></span> <span class='ocrx_word' id='word_1_336' title='bbox 1596 1886 1624 1941; x_wconf 90' lang='lat' dir='ltr'><strong>in</strong></span> <span class='ocrx_word' id='word_1_337' title='bbox 1637 1884 1691 1942; x_wconf 84' lang='lat' dir='ltr'><strong>iata</strong></span> <span class='ocrx_word' id='word_1_338' title='bbox 1702 1883 1836 1949; x_wconf 73' lang='lat' dir='ltr'><strong>suberunt,</strong></span> 
     </span>
     <span class='ocr_line' id='line_1_57' title="bbox 1107 1972 1809 2047; baseline -0.003 -17"><span class='ocrx_word' id='word_1_339' title='bbox 1107 1977 1146 2032; x_wconf 88' lang='lat' dir='ltr'><strong>ita</strong></span> <span class='ocrx_word' id='word_1_340' title='bbox 1159 1981 1190 2032; x_wconf 88' lang='lat' dir='ltr'><strong>ut</strong></span> <span class='ocrx_word' id='word_1_341' title='bbox 1201 1973 1289 2032; x_wconf 86' lang='lat' dir='ltr'><strong>inanis</strong></span> <span class='ocrx_word' id='word_1_342' title='bbox 1299 1973 1357 2032; x_wconf 83' lang='lat' dir='ltr'><strong>viu</strong></span> <span class='ocrx_word' id='word_1_343' title='bbox 1366 1977 1403 2030; x_wconf 84' lang='lat' dir='ltr'><strong>ait</strong></span> <span class='ocrx_word' id='word_1_344' title='bbox 1410 1979 1438 2030; x_wconf 90' lang='lat' dir='ltr'><strong>et</strong></span> <span class='ocrx_word' id='word_1_345' title='bbox 1445 1972 1578 2047; x_wconf 87' lang='lat' dir='ltr'><strong>quidquid</strong></span> <span class='ocrx_word' id='word_1_346' title='bbox 1591 1973 1652 2047; x_wconf 86' lang='lat' dir='ltr'><strong>quis</strong></span> <span class='ocrx_word' id='word_1_347' title='bbox 1666 1979 1809 2046; x_wconf 78' lang='lat' dir='ltr'><strong>operatur.</strong></span> 
     </span>
    </p>
   </div>
   <div class='ocr_carea' id='block_1_31' title="bbox 1368 2115 1530 2168">
    <p class='ocr_par' dir='ltr' id='par_1_37' title="bbox 1368 2115 1530 2168">
     <span class='ocr_line' id='line_1_58' title="bbox 1368 2115 1530 2168; baseline -0.019 0"><span class='ocrx_word' id='word_1_348' title='bbox 1368 2115 1412 2168; x_wconf 79' lang='grc'><strong>93.</strong></span> <span class='ocrx_word' id='word_1_349' title='bbox 1431 2121 1530 2165; x_wconf 79' lang='lat' dir='ltr'><strong>ALlUD.</strong></span> 
     </span>
    </p>
   </div>
   <div class='ocr_carea' id='block_1_32' title="bbox 1075 2232 1836 2397">
    <p class='ocr_par' dir='ltr' id='par_1_38' title="bbox 1075 2232 1836 2397">
     <span class='ocr_line' id='line_1_59' title="bbox 1075 2232 1836 2309; baseline -0.009 -15"><span class='ocrx_word' id='word_1_350' title='bbox 1075 2238 1171 2294; x_wconf 83' lang='lat' dir='ltr'><strong>Dicere</strong></span> <span class='ocrx_word' id='word_1_351' title='bbox 1187 2236 1248 2309; x_wconf 87' lang='lat' dir='ltr'><strong>quis</strong></span> <span class='ocrx_word' id='word_1_352' title='bbox 1262 2240 1354 2308; x_wconf 90' lang='lat' dir='ltr'><strong>potest</strong></span> <span class='ocrx_word' id='word_1_353' title='bbox 1367 2249 1467 2306; x_wconf 88' lang='lat' dir='ltr'><strong>corpus</strong></span> <span class='ocrx_word' id='word_1_354' title='bbox 1481 2233 1704 2290; x_wconf 85' lang='lat' dir='ltr'><strong>carne-nudatum</strong></span> <span class='ocrx_word' id='word_1_355' title='bbox 1718 2232 1836 2300; x_wconf 87' lang='lat' dir='ltr'><strong>tuendo,</strong></span> 
     </span>
     <span class='ocr_line' id='line_1_60' title="bbox 1075 2321 1717 2397; baseline -0.009 -15"><span class='ocrx_word' id='word_1_356' title='bbox 1075 2332 1164 2382; x_wconf 89' lang='lat' dir='ltr'><strong>utrum</strong></span> <span class='ocrx_word' id='word_1_357' title='bbox 1179 2322 1264 2397; x_wconf 82' lang='lat' dir='ltr'><strong>llylas</strong></span> <span class='ocrx_word' id='word_1_358' title='bbox 1278 2340 1313 2378; x_wconf 90' lang='lat' dir='ltr'><strong>an</strong></span> <span class='ocrx_word' id='word_1_359' title='bbox 1326 2321 1469 2378; x_wconf 75' lang='lat' dir='ltr'><strong>Thersites</strong></span> <span class='ocrx_word' id='word_1_360' title='bbox 1483 2321 1574 2390; x_wconf 87' lang='lat' dir='ltr'><strong>luerit,</strong></span> <span class='ocrx_word' id='word_1_361' title='bbox 1590 2337 1607 2377; x_wconf 93' lang='grc' dir='ltr'><strong>ο</strong></span> <span class='ocrx_word' id='word_1_362' title='bbox 1620 2321 1717 2376; x_wconf 72' lang='grc' dir='ltr'><strong>εἰσίοι.</strong></span> 
     </span>
    </p>
   </div>
   <div class='ocr_carea' id='block_1_33' title="bbox 1368 2465 1532 2518">
    <p class='ocr_par' dir='ltr' id='par_1_39' title="bbox 1368 2465 1532 2518">
     <span class='ocr_line' id='line_1_61' title="bbox 1368 2465 1532 2518; baseline -0.012 0"><span class='ocrx_word' id='word_1_363' title='bbox 1368 2465 1413 2518; x_wconf 81' lang='lat' dir='ltr'><strong>os.</strong></span> <span class='ocrx_word' id='word_1_364' title='bbox 1432 2473 1532 2516; x_wconf 77' lang='lat' dir='ltr'><strong>aaran.</strong></span> 
     </span>
    </p>
   </div>
   <div class='ocr_carea' id='block_1_34' title="bbox 1073 2583 1835 2748">
    <p class='ocr_par' dir='ltr' id='par_1_40' title="bbox 1073 2583 1835 2748">
     <span class='ocr_line' id='line_1_62' title="bbox 1074 2583 1835 2660; baseline -0.013 -15"><span class='ocrx_word' id='word_1_365' title='bbox 1074 2587 1165 2645; x_wconf 78' lang='lat' dir='ltr'><strong>Oculis</strong></span> <span class='ocrx_word' id='word_1_366' title='bbox 1180 2586 1333 2660; x_wconf 83' lang='lat' dir='ltr'><strong>quicunque</strong></span> <span class='ocrx_word' id='word_1_367' title='bbox 1348 2583 1416 2640; x_wconf 89' lang='lat' dir='ltr'><strong>estis</strong></span> <span class='ocrx_word' id='word_1_368' title='bbox 1429 2583 1583 2656; x_wconf 78' lang='lat' dir='ltr'><strong>ignivomis,</strong></span> <span class='ocrx_word' id='word_1_369' title='bbox 1600 2583 1707 2641; x_wconf 87' lang='lat' dir='ltr'><strong>scelesti</strong></span> <span class='ocrx_word' id='word_1_370' title='bbox 1725 2598 1835 2648; x_wconf 87' lang='lat' dir='ltr'><strong>omnes,</strong></span> 
     </span>
     <span class='ocr_line' id='line_1_63' title="bbox 1073 2669 1817 2748; baseline -0.011 -16"><span class='ocrx_word' id='word_1_371' title='bbox 1073 2693 1127 2732; x_wconf 89' lang='lat' dir='ltr'><strong>non</strong></span> <span class='ocrx_word' id='word_1_372' title='bbox 1141 2675 1220 2732; x_wconf 90' lang='lat' dir='ltr'><strong>dccet</strong></span> <span class='ocrx_word' id='word_1_373' title='bbox 1234 2673 1363 2748; x_wconf 84' lang='lat' dir='ltr'><strong>profanos</strong></span> <span class='ocrx_word' id='word_1_374' title='bbox 1377 2688 1456 2728; x_wconf 88' lang='lat' dir='ltr'><strong>sacra</strong></span> <span class='ocrx_word' id='word_1_375' title='bbox 1470 2671 1496 2726; x_wconf 92' lang='lat' dir='ltr'><strong>in</strong></span> <span class='ocrx_word' id='word_1_376' title='bbox 1511 2672 1568 2728; x_wconf 78' lang='lat' dir='ltr'><strong>sede</strong></span> <span class='ocrx_word' id='word_1_377' title='bbox 1582 2671 1695 2728; x_wconf 84' lang='lat' dir='ltr'><strong>versari.</strong></span> <span class='ocrx_word' id='word_1_378' title='bbox 1728 2669 1817 2742; x_wconf 85' lang='lat' dir='ltr'><strong>[abite</strong></span> 
     </span>
    </p>
   </div>
   <div class='ocr_carea' id='block_1_35' title="bbox 1370 2811 1534 2866">
    <p class='ocr_par' dir='ltr' id='par_1_41' title="bbox 1370 2811 1534 2866">
     <span class='ocr_line' id='line_1_64' title="bbox 1370 2811 1534 2866; baseline -0.03 0"><span class='ocrx_word' id='word_1_379' title='bbox 1370 2811 1415 2866; x_wconf 73' lang='lat'><strong>95.</strong></span> <span class='ocrx_word' id='word_1_380' title='bbox 1434 2819 1534 2862; x_wconf 77' lang='lat' dir='ltr'><strong>amun.</strong></span> 
     </span>
    </p>
   </div>
   <div class='ocr_carea' id='block_1_36' title="bbox 1109 2939 1835 3102">
    <p class='ocr_par' dir='ltr' id='par_1_42' title="bbox 1109 2939 1835 3102">
     <span class='ocr_line' id='line_1_65' title="bbox 1109 2939 1835 3018; baseline -0.011 -16"><span class='ocrx_word' id='word_1_381' title='bbox 1109 2943 1309 3018; x_wconf 72' lang='lat' dir='ltr'><strong>Temperantia,</strong></span> <span class='ocrx_word' id='word_1_382' title='bbox 1324 2939 1449 3014; x_wconf 81' lang='lat' dir='ltr'><strong>quamvis</strong></span> <span class='ocrx_word' id='word_1_383' title='bbox 1463 2940 1599 3014; x_wconf 87' lang='lat' dir='ltr'><strong>concipiat</strong></span> <span class='ocrx_word' id='word_1_384' title='bbox 1612 2939 1835 3006; x_wconf 79' lang='lat' dir='ltr'><strong>amaritudinem,</strong></span> 
     </span>
     <span class='ocr_line' id='line_1_66' title="bbox 1109 3026 1615 3102; baseline -0.008 -14"><span class='ocrx_word' id='word_1_385' title='bbox 1109 3033 1236 3090; x_wconf 85' lang='lat' dir='ltr'><strong>mollitam</strong></span> <span class='ocrx_word' id='word_1_386' title='bbox 1250 3039 1340 3088; x_wconf 86' lang='lat' dir='ltr'><strong>tamen</strong></span> <span class='ocrx_word' id='word_1_387' title='bbox 1355 3026 1472 3102; x_wconf 89' lang='lat' dir='ltr'><strong>parturit</strong></span> <span class='ocrx_word' id='word_1_388' title='bbox 1485 3027 1615 3084; x_wconf 77' lang='lat' dir='ltr'><strong>letitiam.</strong></span> 
     </span>
    </p>
   </div>
   <div class='ocr_carea' id='block_1_37' title="bbox 1361 3165 1523 3218">
    <p class='ocr_par' dir='ltr' id='par_1_43' title="bbox 1361 3165 1523 3218">
     <span class='ocr_line' id='line_1_67' title="bbox 1361 3165 1523 3218; baseline -0.012 -6"><span class='ocrx_word' id='word_1_389' title='bbox 1361 3165 1405 3218; x_wconf 81' lang='grc'><strong>96.</strong></span> <span class='ocrx_word' id='word_1_390' title='bbox 1425 3167 1523 3212; x_wconf 78' lang='lat' dir='ltr'><strong>amun.</strong></span> 
     </span>
    </p>
   </div>
   <div class='ocr_carea' id='block_1_38' title="bbox 1108 3277 1757 3707">
    <p class='ocr_par' dir='ltr' id='par_1_44' title="bbox 1110 3277 1698 3347">
     <span class='ocr_line' id='line_1_68' title="bbox 1110 3277 1698 3347; baseline -0.01 -9"><span class='ocrx_word' id='word_1_391' title='bbox 1110 3283 1229 3339; x_wconf 85' lang='lat' dir='ltr'><strong>Labores</strong></span> <span class='ocrx_word' id='word_1_392' title='bbox 1243 3282 1368 3340; x_wconf 88' lang='lat' dir='ltr'><strong>mordent</strong></span> <span class='ocrx_word' id='word_1_393' title='bbox 1380 3299 1435 3340; x_wconf 89' lang='lat' dir='ltr'><strong>non</strong></span> <span class='ocrx_word' id='word_1_394' title='bbox 1449 3281 1588 3347; x_wconf 89' lang='lat' dir='ltr'><strong>adsuetos,</strong></span> <span class='ocrx_word' id='word_1_395' title='bbox 1603 3277 1698 3346; x_wconf 82' lang='lat' dir='ltr'><strong>amice,</strong></span> 
     </span>
    </p>

    <p class='ocr_par' dir='ltr' id='par_1_45' title="bbox 1110 3366 1662 3444">
     <span class='ocr_line' id='line_1_69' title="bbox 1110 3366 1662 3444; baseline -0.011 -17"><span class='ocrx_word' id='word_1_396' title='bbox 1110 3378 1140 3427; x_wconf 93' lang='lat' dir='ltr'><strong>ut</strong></span> <span class='ocrx_word' id='word_1_397' title='bbox 1153 3387 1235 3426; x_wconf 86' lang='lat' dir='ltr'><strong>canes</strong></span> <span class='ocrx_word' id='word_1_398' title='bbox 1249 3369 1480 3444; x_wconf 81' lang='lat' dir='ltr'><strong>dentibus-asperi</strong></span> <span class='ocrx_word' id='word_1_399' title='bbox 1494 3366 1662 3442; x_wconf 79' lang='lat' dir='ltr'><strong>peregrinos.</strong></span> 
     </span>
    </p>

    <p class='ocr_par' dir='ltr' id='par_1_46' title="bbox 1110 3454 1662 3532">
     <span class='ocr_line' id='line_1_70' title="bbox 1110 3454 1662 3532; baseline -0.013 -16"><span class='ocrx_word' id='word_1_400' title='bbox 1110 3459 1168 3516; x_wconf 91' lang='lat' dir='ltr'><strong>Hoc</strong></span> <span class='ocrx_word' id='word_1_401' title='bbox 1179 3467 1269 3516; x_wconf 87' lang='lat' dir='ltr'><strong>autem</strong></span> <span class='ocrx_word' id='word_1_402' title='bbox 1284 3467 1378 3532; x_wconf 87' lang='lat' dir='ltr'><strong>aperte</strong></span> <span class='ocrx_word' id='word_1_403' title='bbox 1391 3459 1472 3515; x_wconf 87' lang='lat' dir='ltr'><strong>docet</strong></span> <span class='ocrx_word' id='word_1_404' title='bbox 1485 3454 1662 3530; x_wconf 82' lang='lat' dir='ltr'><strong>experientia.</strong></span> 
     </span>
    </p>

    <p class='ocr_par' dir='ltr' id='par_1_47' title="bbox 1108 3539 1757 3707">
     <span class='ocr_line' id='line_1_71' title="bbox 1109 3539 1757 3620; baseline -0.014 -17"><span class='ocrx_word' id='word_1_405' title='bbox 1109 3548 1147 3603; x_wconf 89' lang='lat' dir='ltr'><strong>Te</strong></span> <span class='ocrx_word' id='word_1_406' title='bbox 1160 3546 1245 3619; x_wconf 78' lang='lat' dir='ltr'><strong>igitur</strong></span> <span class='ocrx_word' id='word_1_407' title='bbox 1258 3546 1349 3620; x_wconf 88' lang='lat' dir='ltr'><strong>ipsum</strong></span> <span class='ocrx_word' id='word_1_408' title='bbox 1361 3546 1500 3603; x_wconf 87' lang='lat' dir='ltr'><strong>laboribus</strong></span> <span class='ocrx_word' id='word_1_409' title='bbox 1515 3541 1692 3607; x_wconf 80' lang='lat' dir='ltr'><strong>adsuefacite,</strong></span> <span class='ocrx_word' id='word_1_410' title='bbox 1708 3539 1757 3604; x_wconf 83' lang='lat' dir='ltr'><strong>fili,</strong></span> 
     </span>
     <span class='ocr_line' id='line_1_72' title="bbox 1108 3630 1675 3707; baseline -0.012 -17"><span class='ocrx_word' id='word_1_411' title='bbox 1108 3641 1138 3691; x_wconf 90' lang='lat' dir='ltr'><strong>ut</strong></span> <span class='ocrx_word' id='word_1_412' title='bbox 1151 3635 1275 3706; x_wconf 82' lang='lat' dir='ltr'><strong>gravium</strong></span> <span class='ocrx_word' id='word_1_413' title='bbox 1289 3634 1406 3707; x_wconf 78' lang='lat' dir='ltr'><strong>effugias</strong></span> <span class='ocrx_word' id='word_1_414' title='bbox 1421 3649 1529 3689; x_wconf 87' lang='lat' dir='ltr'><strong>morsus</strong></span> <span class='ocrx_word' id='word_1_415' title='bbox 1543 3630 1675 3686; x_wconf 87' lang='lat' dir='ltr'><strong>laborum.</strong></span> 
     </span>
    </p>
   </div>
   <div class='ocr_carea' id='block_1_39' title="bbox 1376 3777 1539 3829">
    <p class='ocr_par' dir='ltr' id='par_1_48' title="bbox 1376 3777 1539 3829">
     <span class='ocr_line' id='line_1_73' title="bbox 1376 3777 1539 3829; baseline -0.037 0"><span class='ocrx_word' id='word_1_416' title='bbox 1376 3777 1420 3829; x_wconf 79' lang='grc'><strong>97.</strong></span> <span class='ocrx_word' id='word_1_417' title='bbox 1440 3781 1539 3825; x_wconf 75' lang='lat' dir='ltr'><strong>aaron.</strong></span> 
     </span>
    </p>
   </div>
   <div class='ocr_carea' id='block_1_40' title="bbox 1075 3899 1838 4415">
    <p class='ocr_par' dir='ltr' id='par_1_49' title="bbox 1075 3899 1837 4068">
     <span class='ocr_line' id='line_1_74' title="bbox 1076 3899 1837 3979; baseline -0.012 -17"><span class='ocrx_word' id='word_1_418' title='bbox 1076 3906 1155 3962; x_wconf 89' lang='lat' dir='ltr'><strong>Haud</strong></span> <span class='ocrx_word' id='word_1_419' title='bbox 1168 3904 1364 3979; x_wconf 83' lang='lat' dir='ltr'><strong>indignandum</strong></span> <span class='ocrx_word' id='word_1_420' title='bbox 1382 3905 1425 3962; x_wconf 87' lang='lat' dir='ltr'><strong>vel</strong></span> <span class='ocrx_word' id='word_1_421' title='bbox 1438 3905 1466 3960; x_wconf 89' lang='lat' dir='ltr'><strong>in</strong></span> <span class='ocrx_word' id='word_1_422' title='bbox 1481 3903 1548 3960; x_wconf 86' lang='lat' dir='ltr'><strong>deos</strong></span> <span class='ocrx_word' id='word_1_423' title='bbox 1562 3903 1585 3958; x_wconf 88' lang='lat' dir='ltr'><strong>si</strong></span> <span class='ocrx_word' id='word_1_424' title='bbox 1600 3899 1739 3974; x_wconf 89' lang='lat' dir='ltr'><strong>decipiant</strong></span> <span class='ocrx_word' id='word_1_425' title='bbox 1754 3915 1837 3972; x_wconf 83' lang='lat' dir='ltr'><strong>reges</strong></span> 
     </span>
     <span class='ocr_line' id='line_1_75' title="bbox 1075 3989 1700 4068; baseline -0.01 -18"><span class='ocrx_word' id='word_1_426' title='bbox 1075 3993 1174 4068; x_wconf 88' lang='lat' dir='ltr'><strong>quibus</strong></span> <span class='ocrx_word' id='word_1_427' title='bbox 1188 3999 1339 4050; x_wconf 75' lang='lat' dir='ltr'><strong>cura-sunt</strong></span> <span class='ocrx_word' id='word_1_428' title='bbox 1352 3991 1457 4048; x_wconf 78' lang='lat' dir='ltr'><strong>insidia</strong></span> <span class='ocrx_word' id='word_1_429' title='bbox 1471 3998 1499 4048; x_wconf 89' lang='lat' dir='ltr'><strong>et</strong></span> <span class='ocrx_word' id='word_1_430' title='bbox 1511 3989 1576 4048; x_wconf 88' lang='lat' dir='ltr'><strong>odia</strong></span> <span class='ocrx_word' id='word_1_431' title='bbox 1587 3989 1678 4047; x_wconf 90' lang='lat' dir='ltr'><strong>tristia</strong></span> <span class='ocrx_word' id='word_1_432' title='bbox 1693 4004 1700 4044; x_wconf 91' lang='lat'><strong>:</strong></span> 
     </span>
    </p>

    <p class='ocr_par' dir='ltr' id='par_1_50' title="bbox 1075 4079 1677 4155">
     <span class='ocr_line' id='line_1_76' title="bbox 1075 4079 1677 4155; baseline -0.005 -18"><span class='ocrx_word' id='word_1_433' title='bbox 1075 4081 1166 4155; x_wconf 87' lang='lat' dir='ltr'><strong>qualia</strong></span> <span class='ocrx_word' id='word_1_434' title='bbox 1180 4087 1209 4137; x_wconf 91' lang='lat' dir='ltr'><strong>at</strong></span> <span class='ocrx_word' id='word_1_435' title='bbox 1220 4080 1256 4138; x_wconf 88' lang='lat' dir='ltr'><strong>ab</strong></span> <span class='ocrx_word' id='word_1_436' title='bbox 1271 4081 1369 4138; x_wconf 81' lang='lat' dir='ltr'><strong>Atrida</strong></span> <span class='ocrx_word' id='word_1_437' title='bbox 1382 4081 1513 4138; x_wconf 88' lang='lat' dir='ltr'><strong>scelerata</strong></span> <span class='ocrx_word' id='word_1_438' title='bbox 1526 4079 1677 4136; x_wconf 81' lang='lat' dir='ltr'><strong>factasunt</strong></span> 
     </span>
    </p>

    <p class='ocr_par' dir='ltr' id='par_1_51' title="bbox 1075 4165 1838 4415">
     <span class='ocr_line' id='line_1_77' title="bbox 1075 4165 1836 4242; baseline -0.011 -18"><span class='ocrx_word' id='word_1_439' title='bbox 1075 4169 1103 4224; x_wconf 89' lang='lat' dir='ltr'><strong>in</strong></span> <span class='ocrx_word' id='word_1_440' title='bbox 1116 4168 1248 4225; x_wconf 90' lang='lat' dir='ltr'><strong>Achillem</strong></span> <span class='ocrx_word' id='word_1_441' title='bbox 1261 4168 1501 4238; x_wconf 79' lang='lat' dir='ltr'><strong>valdecordatum,</strong></span> <span class='ocrx_word' id='word_1_442' title='bbox 1515 4166 1666 4242; x_wconf 88' lang='lat' dir='ltr'><strong>principem</strong></span> <span class='ocrx_word' id='word_1_443' title='bbox 1679 4165 1836 4221; x_wconf 91' lang='lat' dir='ltr'><strong>ductorum.</strong></span> 
     </span>
     <span class='ocr_line' id='line_1_78' title="bbox 1076 4248 1838 4328; baseline -0.013 -16"><span class='ocrx_word' id='word_1_444' title='bbox 1076 4255 1167 4323; x_wconf 87' lang='lat' dir='ltr'><strong>Quare</strong></span> <span class='ocrx_word' id='word_1_445' title='bbox 1180 4255 1290 4328; x_wconf 83' lang='lat' dir='ltr'><strong>quidem</strong></span> <span class='ocrx_word' id='word_1_446' title='bbox 1304 4263 1332 4312; x_wconf 85' lang='lat' dir='ltr'><strong>et</strong></span> <span class='ocrx_word' id='word_1_447' title='bbox 1345 4255 1477 4328; x_wconf 88' lang='lat' dir='ltr'><strong>deceptus</strong></span> <span class='ocrx_word' id='word_1_448' title='bbox 1490 4261 1533 4311; x_wconf 89' lang='lat' dir='ltr'><strong>est</strong></span> <span class='ocrx_word' id='word_1_449' title='bbox 1546 4261 1575 4309; x_wconf 90' lang='lat' dir='ltr'><strong>et</strong></span> <span class='ocrx_word' id='word_1_450' title='bbox 1587 4251 1699 4308; x_wconf 88' lang='lat' dir='ltr'><strong>multum</strong></span> <span class='ocrx_word' id='word_1_451' title='bbox 1714 4248 1838 4322; x_wconf 90' lang='lat' dir='ltr'><strong>perdidit</strong></span> 
     </span>
     <span class='ocr_line' id='line_1_79' title="bbox 1075 4334 1836 4415; baseline -0.012 -17"><span class='ocrx_word' id='word_1_452' title='bbox 1075 4341 1122 4398; x_wconf 90' lang='lat' dir='ltr'><strong>Sic</strong></span> <span class='ocrx_word' id='word_1_453' title='bbox 1135 4340 1271 4415; x_wconf 86' lang='lat' dir='ltr'><strong>cupiditas</strong></span> <span class='ocrx_word' id='word_1_454' title='bbox 1285 4341 1337 4398; x_wconf 89' lang='lat' dir='ltr'><strong>suit</strong></span> <span class='ocrx_word' id='word_1_455' title='bbox 1349 4341 1475 4398; x_wconf 89' lang='lat' dir='ltr'><strong>omnibus</strong></span> <span class='ocrx_word' id='word_1_456' title='bbox 1488 4338 1616 4414; x_wconf 85' lang='lat' dir='ltr'><strong>pessima.</strong></span> <span class='ocrx_word' id='word_1_457' title='bbox 1681 4334 1836 4409; x_wconf 86' lang='lat' dir='ltr'><strong>[populum.</strong></span> 
     </span>
    </p>
   </div>
   <div class='ocr_carea' id='block_1_41' title="bbox 1261 4475 1642 4642">
    <p class='ocr_par' dir='ltr' id='par_1_52' title="bbox 1261 4475 1642 4642">
     <span class='ocr_line' id='line_1_80' title="bbox 1373 4475 1535 4528; baseline -0.025 -1"><span class='ocrx_word' id='word_1_458' title='bbox 1373 4475 1417 4528; x_wconf 83' lang='lat'><strong>98.</strong></span> <span class='ocrx_word' id='word_1_459' title='bbox 1436 4481 1535 4525; x_wconf 75' lang='grc' dir='ltr'><strong>ευιυο.</strong></span> 
     </span>
     <span class='ocr_line' id='line_1_81' title="bbox 1261 4577 1642 4642; baseline 0 -16"><span class='ocrx_word' id='word_1_460' title='bbox 1261 4577 1382 4628; x_wconf 79' lang='lat' dir='ltr'><strong>Definitio</strong></span> <span class='ocrx_word' id='word_1_461' title='bbox 1396 4593 1485 4628; x_wconf 89' lang='lat' dir='ltr'><strong>eorum</strong></span> <span class='ocrx_word' id='word_1_462' title='bbox 1499 4582 1642 4642; x_wconf 77' lang='lat' dir='ltr'><strong>quaesunt.</strong></span> 
     </span>
    </p>
   </div>
   <div class='ocr_carea' id='block_1_42' title="bbox 1111 4698 1837 5212">
    <p class='ocr_par' dir='ltr' id='par_1_53' title="bbox 1111 4698 1837 5212">
     <span class='ocr_line' id='line_1_82' title="bbox 1111 4698 1801 4776; baseline -0.01 -15"><span class='ocrx_word' id='word_1_463' title='bbox 1111 4705 1240 4774; x_wconf 79' lang='lat' dir='ltr'><strong>Quodque</strong></span> <span class='ocrx_word' id='word_1_464' title='bbox 1252 4719 1307 4760; x_wconf 82' lang='lat' dir='ltr'><strong>esse</strong></span> <span class='ocrx_word' id='word_1_465' title='bbox 1321 4701 1492 4776; x_wconf 88' lang='lat' dir='ltr'><strong>sapientibus</strong></span> <span class='ocrx_word' id='word_1_466' title='bbox 1505 4701 1564 4758; x_wconf 79' lang='lat' dir='ltr'><strong>hac</strong></span> <span class='ocrx_word' id='word_1_467' title='bbox 1578 4707 1617 4758; x_wconf 86' lang='lat' dir='ltr'><strong>est</strong></span> <span class='ocrx_word' id='word_1_468' title='bbox 1630 4698 1801 4764; x_wconf 80' lang='lat' dir='ltr'><strong>substantia3</strong></span> 
     </span>
     <span class='ocr_line' id='line_1_83' title="bbox 1111 4794 1837 4862; baseline -0.011 -14"><span class='ocrx_word' id='word_1_469' title='bbox 1111 4797 1242 4862; x_wconf 79' lang='lat' dir='ltr'><strong>quantum</strong></span> <span class='ocrx_word' id='word_1_470' title='bbox 1257 4795 1347 4846; x_wconf 87' lang='lat' dir='ltr'><strong>autem</strong></span> <span class='ocrx_word' id='word_1_471' title='bbox 1360 4805 1496 4860; x_wconf 89' lang='lat' dir='ltr'><strong>mensura,</strong></span> <span class='ocrx_word' id='word_1_472' title='bbox 1508 4805 1646 4855; x_wconf 88' lang='lat' dir='ltr'><strong>numerus,</strong></span> <span class='ocrx_word' id='word_1_473' title='bbox 1657 4794 1837 4850; x_wconf 88' lang='lat' dir='ltr'><strong>momentum,</strong></span> 
     </span>
     <span class='ocr_line' id='line_1_84' title="bbox 1699 4873 1836 4947; baseline -0.015 -18"><span class='ocrx_word' id='word_1_474' title='bbox 1699 4873 1836 4947; x_wconf 91' lang='lat' dir='ltr'><strong>[pondus;</strong></span> 
     </span>
     <span class='ocr_line' id='line_1_85' title="bbox 1112 4961 1764 5037; baseline -0.009 -15"><span class='ocrx_word' id='word_1_475' title='bbox 1112 4965 1149 5022; x_wconf 72' lang='lat' dir='ltr'><strong>Tc*</strong></span> <span class='ocrx_word' id='word_1_476' title='bbox 1164 4967 1200 5022; x_wconf 86' lang='lat' dir='ltr'><strong>ad</strong></span> <span class='ocrx_word' id='word_1_477' title='bbox 1211 4966 1280 5037; x_wconf 81' lang='lat' dir='ltr'><strong>quid</strong></span> <span class='ocrx_word' id='word_1_478' title='bbox 1291 4969 1339 5020; x_wconf 87' lang='lat' dir='ltr'><strong>aut</strong></span> <span class='ocrx_word' id='word_1_479' title='bbox 1352 4965 1388 5020; x_wconf 86' lang='lat' dir='ltr'><strong>ad</strong></span> <span class='ocrx_word' id='word_1_480' title='bbox 1402 4964 1480 5019; x_wconf 84' lang='lat' dir='ltr'><strong>aliud</strong></span> <span class='ocrx_word' id='word_1_481' title='bbox 1492 4964 1613 5034; x_wconf 79' lang='lat' dir='ltr'><strong>quidest</strong></span> <span class='ocrx_word' id='word_1_482' title='bbox 1626 4961 1737 5018; x_wconf 91' lang='lat' dir='ltr'><strong>babitus</strong></span> <span class='ocrx_word' id='word_1_483' title='bbox 1756 4979 1764 5016; x_wconf 95' lang='lat'>:</span> 
     </span>
     <span class='ocr_line' id='line_1_86' title="bbox 1112 5047 1821 5124; baseline -0.008 -16"><span class='ocrx_word' id='word_1_484' title='bbox 1112 5055 1201 5124; x_wconf 82' lang='lat' dir='ltr'><strong>quale,</strong></span> <span class='ocrx_word' id='word_1_485' title='bbox 1218 5053 1369 5118; x_wconf 86' lang='lat' dir='ltr'><strong>character,</strong></span> <span class='ocrx_word' id='word_1_486' title='bbox 1381 5051 1477 5120; x_wconf 81' lang='lat' dir='ltr'><strong>forma,</strong></span> <span class='ocrx_word' id='word_1_487' title='bbox 1493 5047 1821 5123; x_wconf 88' lang='lat' dir='ltr'><strong>qualitas-hujus·modi;</strong></span> 
     </span>
     <span class='ocr_line' id='line_1_87' title="bbox 1114 5135 1837 5212; baseline -0.012 -13"><span class='ocrx_word' id='word_1_488' title='bbox 1114 5143 1173 5206; x_wconf 84' lang='lat' dir='ltr'><strong>Ubi,</strong></span> <span class='ocrx_word' id='word_1_489' title='bbox 1189 5140 1315 5196; x_wconf 88' lang='lat' dir='ltr'><strong>accidens</strong></span> <span class='ocrx_word' id='word_1_490' title='bbox 1333 5137 1394 5208; x_wconf 91' lang='lat' dir='ltr'><strong>loci,</strong></span> <span class='ocrx_word' id='word_1_491' title='bbox 1412 5139 1520 5211; x_wconf 79' lang='lat' dir='ltr'><strong>quando</strong></span> <span class='ocrx_word' id='word_1_492' title='bbox 1537 5137 1682 5212; x_wconf 88' lang='lat' dir='ltr'><strong>(accidens)</strong></span> <span class='ocrx_word' id='word_1_493' title='bbox 1702 5135 1837 5209; x_wconf 89' lang='lat' dir='ltr'><strong>temporis</strong></span> 
     </span>
    </p>
   </div>
   <div class='ocr_carea' id='block_1_43' title="bbox 0 0 1947 6080">
    <p class='ocr_par' dir='ltr' id='par_1_54' title="bbox 0 0 1947 6080">
     <span class='ocr_line' id='line_1_88' title="bbox 0 0 1947 6080; baseline 0 0"><span class='ocrx_word' id='word_1_494' title='bbox 0 0 1947 6080; x_wconf 95' lang='lat' dir='ltr'><strong> </strong></span> 
     </span>
    </p>
   </div>
  </div>
 </body>
</html>
