3882 6080
275 336 333 394 tao

721 333 977 394 ANTHOLOGIAE
998 335 1147 396 GRAEGAE
1167 339 1394 398 APPENDICIS

276 464 390 514 secunda
408 463 536 528 tertiaque
557 463 610 512 fere
632 461 800 522 interierunt;
817 471 916 528 quartos
944 471 1030 514 autem
1055 467 1061 540 γ
1084 475 1284 532 argumentum
1300 469 1421 534 leguntur
1439 476 1554 519 extrema
1583 469 1637 520 fere
1664 470 1764 537 aliquot
1791 487 1843 523 ver·

276 531 370 580 desunt
384 529 492 578 extremi
510 537 568 578 octo
591 543 691 578 versus.
707 550 719 574 ι
739 528 804 577 Mihi
827 536 921 593 querto
936 529 1031 580 saeculo

275 595 424 646 medionon
443 593 573 658 antiquior
593 594 695 642 ridetur
711 594 821 656 hymnus
834 609 891 644 esse
914 593 941 644 in
955 593 1031 644 leidis

275 663 401 711 honorem
422 662 454 709 ab
481 659 588 710 Andriis
605 658 685 723 lapidi
704 659 851 710 mundatus.
877 659 1032 724 AEgyptium

276 735 379 790 poetam
393 724 472 774 fuisse
484 724 595 788 conjecit
606 723 735 788 Bergkius
745 739 828 789 neque
838 726 888 774 hcc
900 725 1031 788 improba·

278 793 373 841 biliter.
389 809 402 834 ιι
417 792 447 841 G.
457 795 482 840 ff
486 827 491 837 .
510 811 523 836 ι
538 789 661 840 Feliciter
672 791 767 840 factum
779 800 820 839 est
835 797 863 839 ut
881 805 912 839 ex
924 789 1031 840 Diodori

276 855 1031 920 loco(l,2I),quoetBerglr.etSauppeususisunt,elterius

275 921 352 974 Isiaci
363 921 453 986 hymni
464 921 583 971 notitiam
595 920 781 984 acciperemus,
797 935 813 970 a
827 919 901 984 cujus
914 922 1031 986 exemplo

276 1003 358 1052 prope
372 989 446 1037 abest
459 985 618 1036 Andriorum
632 994 718 1050 poeta.
733 985 780 1035 llle
803 985 872 1036 enim
889 987 936 1036 οὐκ
950 989 1031 1048 ἀγνοῶ

276 1055 311 1110 δέ,
331 1051 425 1116 inquit,
439 1052 500 1102 διότι
519 1053 582 1107 τινὲς
600 1053 648 1100 τῶν
672 1051 831 1114 συγγραφέων
856 1048 1032 1112 άπυφαίνουται

276 1119 333 1174 τοὺς
356 1119 448 1180 τάφους
463 1119 513 1167 τῶν
535 1118 595 1166 θεῶν
615 1117 709 1166 τούτων
725 1119 841 1182 θπάρχειν
862 1118 887 1167 iv
907 1117 977 1180 Νύσῃ
990 1119 1033 1174 τῆς

283 1185 427 1248 Ἀραδίοις...
450 1177 512 1232 sium
531 1185 557 1232 δέ
581 1183 622 1232 καί
643 1184 732 1241 στήλην
760 1183 879 1246 έιιατέρου
901 1185 950 1232 τῶν
970 1183 1030 1231 θεῶν

275 1249 483 1316 ἐπιγεγραμμένην
496 1250 548 1304 τοῖς
557 1249 629 1314 ίεροῖς
641 1249 792 1338 γράμμασιν.
812 1247 868 1296 Ἐπὶ
880 1246 922 1309 pis
935 1241 978 1299 οὖν
989 1250 1032 1306 τῆς

277 1316 371 1370 Ἴσιδος
384 1313 564 1378 δπιγεγράρθαν
581 1315 645 1373 Ἐγὼ
671 1317 717 1369 lofe
729 1314 800 1374 είμιὴ
814 1313 942 1375 βασίλισσα
953 1312 1033 1370 πάσης

274 1381 366 1444 χώρας,
378 1383 394 1439 ἡ
408 1380 563 1429 παιδευθεῖσα
576 1381 623 1427 θπό
644 1379 747 1442 Ἑρμοῦ,
760 1379 800 1426 καὶ
817 1379 865 1427 ὅσοι
880 1377 929 1440 άγὼ
945 1379 1032 1442 diopo-

275 1447 376 1504 θέιησα,
404 1446 480 1500 οὐδεὶς
501 1446 564 1494 αὐτὰ
586 1447 684 1494 δύναται
706 1446 786 1493 λῦσαι.
811 1443 966 1506 Ἐγώιίμιὴ
987 1442 1031 1493 τοῖν

274 1512 393 1561 νιοτάτου
413 1513 510 1575 Κρόνου
531 1508 587 1559 3ιοῦ
607 1511 713 1572 θυγάτηρ
736 1507 965 1574 repeteremus
984 1511 1032 1573 είμι

276 1578 336 1638 γυνη
351 1573 393 1625 uui
407 1575 494 1638 άδελφη
518 1576 639 1639 Ὀσίριδος
652 1577 777 1638 βασιλέως·
793 1575 841 1635 ἐγώ
858 1577 906 1636 ιίμι
917 1579 933 1630 i,
946 1575 1032 1638 πρώτη

275 1641 369 1705 ηαρπδν
391 1643 526 1707 ἀνθρώποις
543 1643 659 1705 εὑροῦσα·
673 1640 721 1703 ἐγώ
736 1641 784 1700 εἰμι
797 1639 876 1704 μήτηρ
890 1641 973 1704 ‘'IIpou
987 1639 1031 1689 τοῦ

276 1707 403 1770 βασιλέως·
414 1707 462 1768 iqui
477 1706 589 1769 sipiritu
602 1707 637 1768 τῷ
651 1706 735 1770 άστρῳ
750 1706 784 1767 τῷ
798 1705 852 1756 ausi
864 1705 1030 1755 ἐπιτέλλουσα·

275 1773 329 1834 s'pof
357 1773 498 1826 θούόαστος
521 1775 536 1829 ἠ
562 1772 628 1827 πόλις
655 1772 811 1834 ᾠκοδομήθη.
841 1771 929 1835 Χαῖρε,
951 1773 1031 1836 χαῖρε,

269 1837 385 1899 Αἴγυπτε,
404 1841 420 1896 ἡ
441 1837 551 1904 θρέψασά
572 1853 611 1900 με.
634 1838 687 1886 Ἐπὶ
704 1837 729 1886 δὲ
744 1835 787 1885 τοῦ
803 1837 924 1901 Ὀσίριδος
937 1840 990 1886 ιιτλ.
1001 1863 1031 1874 -

275 1904 396 1953 Ceterum
419 1903 514 1953 Isidem
540 1900 624 1952 Andri
651 1903 746 1952 cultum
772 1903 866 1966 probat
890 1910 917 1950 et
942 1901 1032 1951 titulus

276 1969 352 2034 Corp.
373 1971 452 2020 inser.
479 1983 521 2032 pr.
549 1969 612 2017 23f8
637 1977 664 2017 et
686 1981 780 2016 nomen
801 1969 925 2032 ’ίσίθιορος
944 1965 971 2015 in
990 1966 1030 2016 tit.

274 2035 356 2083 Andr.
371 2035 448 2099 Corp.
474 2035 552 2083 inscr.
576 2049 617 2096 pr.
643 2032 711 2082 Add.
736 2033 768 2090 If,
791 2033 925 2081 ettad.»
947 2032 1030 2081 fd.-

274 2099 320 2149 Vs.
334 2101 358 2148 2.
371 2101 444 2162 οἰγυιιί
453 2099 484 2148 de
491 2097 554 2149 urbe
564 2098 627 2148 dixit
635 2097 711 2148 Pind.
723 2099 798 2147 Nem.
811 2098 867 2154 Vll,
881 2099 924 2155 92,
936 2097 1031 2162 otili,

275 2184 314 2231 34.
324 2183 411 2232 -λέ,
425 2185 465 2232 tt.
480 2179 548 2245 lapis
564 2175 1031 2250 XAPAEA2,unuenu-msnnus

275 2259 380 2326 scripsit
392 2263 443 2326 (τι.
457 2259 542 2323 full)
561 2273 567 2308 ε

326 2377 460 2440 Ἀσραλέων
483 2377 605 2436 ‘Eppium
618 2375 747 2438 ἀπόκρυφοι
759 2375 870 2436 criptula
883 2375 971 2423 δέλτων

323 2444 444 2506 εὑρομένα
457 2443 612 2507 γραρίδεσσιν
626 2442 665 2490 ἅτ’
678 2441 748 2495 flues
760 2441 821 2489 πᾶσι
835 2441 938 2508 χαράξας

323 2510 425 2570 μύσταις
428 2539 816 2559 ...............
835 2507 937 2554 ὅσοισι
951 2507 1029 2568 δᾶμος

273 2635 304 2684 tt.
320 2632 424 2684 Curtius
435 2632 543 2697 χοράξιι.
559 2656 590 2668 -
609 2630 656 2679 Vs.
673 2629 712 2678 tt.
729 2629 819 2678 Herm.
833 2644 892 2678 cum
910 2630 1030 2696 Sauppeo

273 2701 412 2761 έιιράνοιοαγ
429 2698 526 2762 Bergk.
542 2694 660 2761 τυράννιο,
680 2695 749 2759 quod
769 2695 801 2744 ad
818 2695 930 2744 Cronum
952 2697 1031 2745 refert

274 2765 391 2816 Curtius:
405 2785 417 2809 ι
435 2763 545 2813 fortasse
557 2759 724 2811 scribendum
737 2761 848 2824 τυράννοι
860 2763 954 2823 apices
966 2761 1031 2827 Κρό-

271 2851 306 2881 νοι
320 2831 437 2895 θυγάτηρ,
460 2827 565 2892 quicum
587 2824 709 2889 congruit
734 2833 760 2874 et
784 2825 893 2888 hymnus
921 2827 1030 2888 Nysaeus

273 2897 343 2958 (Vid.
361 2911 432 2959 supr.
447 2893 554 2944 Diodor.
568 2891 665 2953 locum)
679 2898 706 2940 et
725 2891 833 2940 Homeri
852 2905 940 2941 versus
954 2907 1031 2954 quem

273 2961 389 3011 imitatus
400 2967 440 3010 est
450 2965 526 3024 poeta
536 2959 632 3024 πρέσόοι
645 2956 752 3020 θυγάτηρ
767 2959 824 3014 ’Ἄτη
844 2956 885 3020 (ff.
899 2957 930 3006 T.
944 2958 996 3019 91).
1016 2975 1030 3002 ι

273 3055 303 3065 -
316 3027 362 3076 Vs.
377 3028 406 3075 ίθ
421 3024 550 3088 Bergkiue
568 3017 587 3088 ᾧ
607 3039 668 3072 ποτι
683 3023 799 3081 νηδύν-
814 3023 857 3070 τάν
875 3022 951 3072 αὐτὰν
975 3023 1030 3072 άνέ·

271 3095 333 3141 λυοιι
346 3093 477 3154 γινέθλιονς
494 3090 631 3154 Sauppeus
648 3083 660 3108 '
677 3087 835 3142 ποτ’διιαδός
850 3087 935 3136 -τὰν
953 3089 1029 3137 αὐτὰν

273 3158 378 3207 ιἰνέδυσα
399 3158 517 3218 γενέθλιον
541 3157 606 3215 κτλ.,
628 3105 744 3204 υδδιιὶεσο
766 3167 864 3210 errore,
887 3153 956 3217 quod
977 3167 1029 3202 non

271 3224 362 3272 eodem
383 3235 413 3272 ac
432 3220 515 3272 Osiris
536 3219 578 3270 die
599 3227 661 3270 nata
682 3217 793 3275 estlsis,
808 3217 958 3281 sedquarto
972 3226 1031 3283 post

272 3305 378 3354 fratrem
392 3302 442 3352 die.
455 3330 485 3340 -
499 3303 546 3351 Vs.
562 3303 603 3352 2⁰.
619 3304 668 3358 τὼς
678 3300 756 3366 (lapis
767 3293 879 3362 ΓΩΣ),
900 3295 957 3346 soil.
975 3299 1030 3346 θεο-

272 3383 341 3444 μοιίς.
355 3382 499 3439 Hermann,
514 3383 563 3437 τὼς
573 3382 639 3436 οὔτις
654 3381 715 3444 ἀνὴρ
731 3381 871 3428 καταλύσει.
883 3403 912 3414 -
927 3375 974 3424 Vs.
987 3377 1029 3424 if.

270 3465 380 3524 ld.,cum
391 3465 491 3514 litteras
506 3455 564 3517 ΠΟ
578 3463 604 3512 in
615 3463 702 3528 lupide
714 3477 770 3512 esse
780 3461 901 3520 nesciret,
912 3459 1029 3522 διμάτωρ

268 3544 367 3609 Ιγρόνος,
379 3545 435 3593 οὐδὲ
449 3545 506 3592 ποτέ
515 3561 570 3606 σριν
580 3543 709 3601 έμπιλάσιι
720 3541 827 3591 λάθα·
835 3539 882 3590 Vs.
897 3539 938 3587 23.
950 3537 1031 3603 Saup-

270 3625 334 3674 peus
351 3607 486 3658 Plutarchi
501 3610 580 3658 rerba
598 3607 708 3667 confert,
725 3607 758 3656 fs.
775 3610 801 3656 et
816 3605 858 3655 Os.
872 3605 903 3654 ts
917 3617 924 3652 t
939 3603 976 3651 διό
988 3607 1030 3652 καί

270 3677 425 3740 μητέρατὴν
453 3677 555 3732 σελήνην
582 3673 627 3722 τοῦ
647 3673 744 3735 κόσμου
769 3669 870 3721 καλοῦσι
895 3667 937 3716 καί
958 3668 1028 3730 φύσιν

268 3741 331 3805 ἔχειν
353 3735 516 3804 ἀρσενόθηλυν
537 3737 640 3788 οίοντιιι.
666 3737 771 3788 Confert
793 3736 872 3785 etiam
893 3733 1029 3784 Keibelius

267 3807 361 3871 ffpmtt.
385 3805 487 3870 Orphic.
504 3804 583 3863 XLII,
599 3805 624 3862 f,
637 3802 668 3852 de
689 3803 755 3852 lfise
773 3800 849 3851 Isidis
864 3798 919 3850 tilia
933 3813 939 3848 :
953 3799 1028 3862 άγνήν

268 3872 289 3918 τ’
307 3871 399 3936 ειλίιρόν
426 3888 453 3920 τε
473 3872 563 3930 λίίοην,
589 3869 694 3934 ἄρρητον
711 3867 818 3918 ἄνασσαν
836 3893 866 3904 -
879 3865 970 3929 άρστνα
988 3865 1029 3914 καί

268 3939 348 3998 θῆλυν,
369 3938 442 4000 διφυῆ
463 3935 558 3984 λύσειον
582 3936 696 4000 Ἴακχον.
715 3959 745 3971 -·
765 3933 812 3982 Vs.
835 3931 876 3980 28.
899 3929 1028 3993 Bergkius

267 4004 393 4066 ὠρανίοισι
411 4002 580 4066 καταχθονίοις
596 4015 633 4050 τε.
650 4025 680 4036 -
699 3999 745 4048 Vs.
762 3999 792 4047 33
811 4012 868 4062 sqq.
885 3995 923 4045 Cf.
948 3996 1025 4059 Apul.

268 4070 373 4118 fletam.
398 4067 444 4125 XI,
464 4068 503 4115 5:
528 4075 555 4114 tu
574 4073 647 4116 rotas
664 4065 763 4122 orbem,
780 4062 913 4112 illuminas
935 4061 1026 4122 solem,

266 4133 337 4198 regis
352 4133 486 4190 mundum,
499 4132 586 4180 calcas
598 4131 751 4189 Tartarum
767 4127 815 4178 tibi
828 4127 986 4192 respondent
995 4125 1027 4175 si-

267 4199 341 4256 dera,
352 4200 464 4262 gandent
475 4196 592 4255 numina,
603 4203 653 4245 etc.
666 4221 696 4232 -
705 4195 751 4244 Vs.
761 4195 802 4244 35.
815 4191 895 4244 Kaih.
907 4191 983 4250 ἧνεσα
992 4193 1026 4241 ah

266 4263 518 4328 eiuro,Bcrgh.fpucu,
532 4277 591 4311 cum
605 4261 725 4324 Sauppeo
736 4259 814 4323 ᾔνεσα
826 4255 987 4320 scripsimus.
996 4285 1025 4294 -

266 4331 313 4380 Vs.
325 4331 365 4378 37.
383 4329 507 4378 «Vocula
520 4322 546 4378 ιίι
560 4326 593 4376 ad
611 4327 740 4381 τεθαλότος
756 4323 902 4374 referenda.
918 4341 931 4366 ι
946 4321 1023 4372 Καίό.

267 4421 297 4433 -
312 4397 354 4444 fi.
368 4414 381 4440 ιι
397 4394 517 4458 μυκάμιιιν
536 4393 618 4450 ‘stetu
631 4401 738 4441 vocatur
756 4389 810 4438 sive
828 4387 898 4438 leoni
919 4402 1024 4452 compa·

265 4468 347 4518 ratus,
363 4466 392 4508 ut
406 4457 502 4522 sespius
515 4457 542 4506 in
559 4455 641 4507 sacris
655 4455 740 4516 libris,
753 4454 806 4505 sive
824 4461 854 4504 ut
871 4453 931 4502 Orci
950 4467 1024 4502 vora·

265 4525 339 4590 gines
345 4521 473 4588 mugienti
481 4521 567 4572 sonitu
576 4536 708 4573 concussae
720 4528 797 4585 atque
807 4518 932 4583 disruptae
942 4517 1023 4581 signi-

264 4608 382 4658 ficentur.
396 4606 461 4659 ιιίιί.
471 4605 552 4656 -Vs
562 4583 1020 4676 33.Ι.ιιμίεΜΕΛΑΜΦΑΡΟΝ,

263 4687 440 4749 undeBergh.
468 4685 642 4750 μιλαμφαρῶν,
668 4683 713 4733 sed
734 4681 821 4748 potior
839 4679 941 4731 uidetur
955 4680 1021 4730 Iler·

263 4752 353 4802 menni
363 4751 491 4802 correctio
504 4754 563 4814 μελιι
585 4751 675 4812 quius.

297 4817 458 4866 aeolumnes
479 4767 599 4866 secundet
618 4813 752 4879 tertiusque
777 4818 831 4863 tam
856 4809 951 4884 exiguis
968 4825 1020 4885 non

263 4883 321 4932 dico
348 4895 469 4931 versuum
501 4879 546 4931 sed
574 4879 720 4930 litterarum
751 4877 816 4929 vesti
836 4876 861 4927 ia
887 4883 1020 4927 extricavit

263 4948 395 4997 Welcher.
410 4947 503 5012 (neque
522 4959 555 4996 ea
566 4945 631 4994 hene
652 4944 805 5010 plerumque
818 4893 899 5006 Iecte)
917 4948 945 4991 ut
960 4940 1020 5006 jure

263 5028 294 5063 ea
319 5011 518 5077 praetermisisse
532 5009 628 5060 videar.
651 5030 663 5054 ιι
679 5007 806 5073 Reliquiis
821 5029 834 5054 ιι
857 5015 966 5072 apparet
988 5005 1019 5055 de

281 5087 396 5128 aetorum
408 5085 434 5126 et
447 5075 622 5140 agricolarum
637 5073 758 5138 operibus
772 5071 917 5137 expositum
929 5069 1017 5121 fuisse.

262 5095 359 5196 Iertise
380 5142 507 5194 columneo
528 5141 555 5190 in
578 5141 656 5190 rebus
680 5138 839 5204 nuptialibus
867 5139 1019 5187 versabatur

1084 547 1222 584 suum......
1237 555 1251 580 ιι
1268 535 1299 585 G.
1311 535 1401 596 flatu,
1415 535 1483 599 apud
1496 549 1572 598 quem
1585 535 1689 586 videsis.

1116 599 1163 649 Vs.
1179 601 1221 650 tt.
1234 599 1329 666 Incipit
1342 601 1464 650 columna
1478 607 1581 665 quarta.
1597 627 1628 639 -
1640 602 1701 652 Vss.
1716 605 1791 653 ίθ-θθ
1805 604 1844 654 sic

1085 665 1205 729 supplere
1220 665 1328 716 tentavit
1339 665 1688 732 Kaibelitts:fla[uucps‘uorsr
1702 669 1727 716 δέ
1743 670 1842 734 πώλοις]

1084 731 1221 795 συμρέρομ’
1241 731 1366 781 ἀκτίνεσσι
1390 733 1566 797 ιιοτοι[μαδο’ν],
1589 733 1649 782 ooll.
1672 733 1704 783 ff.
1721 734 1751 791 O,
1774 736 1841 784 352:

1084 793 1117 851 ὣς
1131 797 1202 845 εἰπὼν
1215 797 1314 859 μάστιγι
1327 797 1472 860 κατωμαδόν
1484 797 1683 856 directissimus.
1696 825 1727 836 -
1741 801 1788 850 Vs.
1801 803 1842 851 52.

1086 871 1525 948 ΥΠΕΙΡΟΧΟΠΑΝΚΛΙΣ,
1539 878 1663 929 extremis
1677 894 1723 930 sex
1738 879 1843 941 litteris,

1085 960 1150 1006 teste
1170 957 1304 1016 Wellrero,
1330 956 1447 1008 incertis.
1470 955 1595 1007 Restituit
1616 957 1647 1006 0.
1670 957 1845 1008 Schneider-us

1085 1019 1188 1083 (pluet.
1206 1023 1252 1083 IV,
1269 1022 1328 1090 583)
1344 1025 1374 1074 τὰ
1390 1023 1411 1072 δ’
1423 1021 1532 1086 θπιίροχ’
1552 1021 1647 1072 διιαυίιι“
1661 1023 1753 1084 άῑσττδ;
1763 1025 1846 1086 Berg-

1056 1073 1061 1162 Ι
1084 1086 1143 1137 uus
1156 1094 1183 1137 u
1194 1087 1326 1138 wuuor.
1342 1090 1373 1138 ιι
1385 1089 1407 1138 τ’
1423 1090 1542 1154 uespere
1553 1089 1601 1136 ιιι
1619 1089 1680 1151 [ιη.
1695 1115 1726 1126 -
1741 1091 1787 1139 νο.
1801 1093 1844 1139 ιτ.

1084 1153 1116 1202 G.
1132 1153 1211 1202 Kaib.
1227 1155 1357 1216 prticipes,
1369 1153 1514 1214 subridens,
1526 1153 1678 1202 vocabulum
1692 1155 1760 1218 quod
1774 1155 1847 1209 Lexi-

1084 1217 1122 1268 cis
1131 1219 1213 1278 abest,
1227 1234 1275 1283 pro
1289 1233 1340 1284 quo
1352 1220 1412 1268 fort.
1426 1219 1563 1284 legendum
1575 1219 1684 1283 μιιδιιίοι.
1698 1245 1729 1256 -
1741 1221 1788 1270 Vs.
1802 1223 1845 1270 58.

1088 1294 1139 1355 ΕΝ
1149 1295 1438 1365 ΔΕΠΕΡΗΤΟΙΣ,
1451 1301 1476 1350 έν
1492 1301 1517 1350 δέ
1528 1303 1641 1365 πιρηιοῑς
1655 1302 1763 1366 Bergk„
1780 1304 1805 1352 ἐν
1824 1304 1846 1352 ὃ·

1084 1375 1214 1444 άπιράτοις
1231 1380 1367 1446 Sauppeus
1380 1388 1407 1429 et
1419 1379 1537 1430 Welker.
1551 1407 1577 1417 -—
1593 1380 1640 1429 Vs.
1654 1382 1695 1430 θθ.
1708 1381 1847 1446 Sauppeus

1085 1465 1190 1528 ιύλογία.
1208 1465 1314 1514 Doridis
1325 1465 1419 1530 pietas.
1440 1491 1472 1502 -
1490 1464 1537 1512 Vs.
1553 1465 1595 1513 69.
1612 1456 1791 1517 ΚΛΗΙΖΟΙ
1802 1460 1842 1516 ΣΙ

1085 1542 1156 1592 solus
1178 1542 1285 1592 retinuit
1303 1541 1442 1604 Berghius,
1459 1541 1539 1591 ceteri
1558 1543 1686 1606 ιιλῄῐοισοι,
1702 1542 1848 1604 Berghium

1085 1614 1188 1658 secutus
1207 1615 1246 1658 est
1267 1607 1411 1658 Kaibelius.
1425 1634 1455 1644 -
1470 1609 1516 1656 Vs.
1530 1608 1571 1657 If.
1587 1607 1848 1672 SuppletSuuppeus

1086 1675 1234 1738 μαλοιιόμοις
1259 1690 1285 1722 τε
1312 1674 1471 1736 πρέπουσ]οιν.
1501 1672 1668 1722 Hermaunus
1691 1676 1846 1735 prinsipes:

1083 1739 1546 1803 etecusam-ves.tt-to.sauppeus
1559 1739 1644 1795 πλάζιν
1657 1737 1708 1787 ὕδει
1718 1745 1846 1803 παρέχων,

1085 1803 1180 1883 Bergk.
1197 1805 1292 1861 πλάζετ’
1313 1803 1364 1870 όχῳ
1388 1805 1480 1868 νήχωυ.
1503 1804 1646 1853 Hermann.
1669 1807 1773 1853 πλάσσεν
1793 1804 1848 1853 ider

1085 1885 1189 1934 τιυχοιν.

1117 1999 1234 2050 xxxtn.
1248 1997 1430 2064 Apudfulian.
1442 1999 1539 2049 Caesar.
1548 2000 1621 2050 Orat.
1632 1999 1712 2060 vute
1721 2007 1749 2049 et
1757 2001 1846 2061 l'll,8,

1085 2065 1129 2114 uhi
1142 2064 1256 2115 occurrit
1271 2064 1310 2115 bis
1323 2064 1393 2114 idem
1411 2065 1460 2114 hoc
1477 2064 1589 2115 Cratetis
1611 2063 1796 2128 fragmentum.
1815 2093 1847 2104 -·

1085 2131 1144 2180 Vss.
1162 2131 1338 2181 1-208010110
1353 2130 1423 2180 ducti
1438 2137 1498 2179 sunt
1509 2128 1580 2190 (Vid.
1595 2131 1711 2180 Brunch.
1724 2132 1845 2182 Guomr'c.

1081 2199 1150 2261 poet.
1163 2211 1239 2262 ροισι.
1256 2211 1281 2262 γι.
1297 2197 1339 2254 tt,
1355 2197 1397 2260 V),
1412 2209 1477 2260 quos
1490 2192 1529 2245 sic
1540 2195 1674 2246 transtulit
1685 2196 1811 2247 Grotius:

1148 2295 1304 2390 IInemostss
1314 2294 1439 2350 magnique
1449 2293 1515 2337 foris
1529 2293 1681 2358 saqctissIma
1692 2295 1779 2350 proles,

1187 2359 1248 2392 exau
1266 2354 1297 2391 tte
1308 2359 1397 2404 preces,
1408 2358 1465 2402 quse
1476 2346 1534 2397 feno,
1548 2347 1658 2389 Pierides.

1113 2475 1230 2526 xxxtv.
1255 2474 1331 2540 Apud
1353 2473 1508 2538 Epictetum,
1530 2474 1557 2524 in
1577 2475 1740 2535 fincfsirfdio,
1758 2491 1782 2526 c.
1802 2480 1846 2534 53,

1085 2563 1098 2588 ιι
1106 2556 1213 2591 aureum
1226 2540 1405 2598 tetrastichon,
1420 2547 1473 2589 unt
1482 2539 1713 2595 aitBoissona'dius
1724 2542 1848 2606 (Praefoq.

1083 2607 1118 2657 nd
1144 2607 1258 2667 Gallim„
1272 2606 1391 2656 Cfeuuflr.
1406 2608 1432 2656 ef
1447 2604 1532 2656 Procli
1543 2605 1606 2656 edit.
1641 2611 1699 2668 .x).
1714 2635 1742 2643 -
1760 2607 1846 2656 Vnt.

1084 2693 1097 2718 ιι
1107 2673 1189 2722 Vetus
1199 2673 1248 2722 hoc
1258 2679 1426 2736 presceptum,
1438 2689 1452 2716 ι
1460 2678 1489 2721 ut
1494 2670 1609 2736 loquitur
1616 2621 1725 2729 geneda,
1738 2673 1776 2720 De
1787 2671 1850 2721 Vita

1083 2736 1150 2788 deut.
1160 2739 1227 2802 XV),
1241 2737 1323 2786 Deum
1337 2751 1455 2802 sequere,
1467 2755 1480 2782 ιι
1493 2737 1562 2802 quod
1573 2737 1728 2799 Pythagoreo
1736 2737 1848 2786 Boetius

1083 2801 1177 2853 usserit
1187 2803 1225 2853 De
1236 2801 1337 2852 Consul.
1346 2801 1367 2863 1,
1380 2815 1460 2867 prosa
1470 2803 1495 2851 f.
1505 2829 1535 2840 -
1546 2801 1584 2852 Cf.
1596 2801 1701 2851 Arrian.
1715 2803 1825 2852 Dissert.
1836 2803 1849 2851 l

1083 2871 1114 2918 20
1131 2884 1137 2918 :
1149 2871 1179 2918 Τί
1192 2869 1218 2918 δὲ
1238 2867 1287 2934 ἔχει
1302 2869 1397 2932 μακρόν
1411 2868 1484 2918 sinsin
1499 2867 1537 2918 δτι
1550 2869 1618 2922 τέλος
1635 2868 1687 2916 ioci
1700 2869 1729 2917 τό
1743 2871 1848 2918 ἕπεσθαι

1082 2935 1159 2994 θιοῑς;
1175 2931 1307 2983 Cleanthis
1321 2935 1402 2982 verba
1413 2933 1446 2983 ad
1456 2933 1547 2982 Iovem
1561 2931 1609 2982 illa
1620 2953 1633 2978 ιι
1648 2931 1674 2982 in
1687 2948 1778 2982 versus
1790 2935 1848 2982 dis-

1083 2999 1242 3050 sertissimos
1256 3017 1269 3044 ιι
1295 2999 1366 3049 fuere
1391 3013 1408 3048 a
1432 2999 1532 3048 Seneca
1560 3004 1661 3048 mutate
1685 2999 1778 3064 (Epist.
1808 2998 1849 3048 ud

1084 3065 1164 3116 Lucil.
1178 3065 1276 3128 CVIII).

1161 3164 1210 3207 Duo
1222 3175 1265 3214 ms,
1279 3173 1372 3218 parens,
1384 3161 1486 3218 celsique
1493 3161 1621 3205 domidater
1631 3163 1684 3217 pcII.

1162 3227 1296 3278 quocunqne
1305 3215 1401 3278 placuit.
1417 3215 1488 3258 Nulla
1498 3215 1594 3288 pareth
1609 3227 1674 3257 mors
1686 3221 1738 3264 est;
1758 3282 1762 3290 Ι

1161 3266 1763 3384 titttttttfttitltstttthtt?⁰¹¹⁵·

1161 3373 1281 3429 inuusque
1290 3380 1366 3429 petrus·
1377 3373 1437 3429 quod
1449 3380 1498 3428 patr
1509 3373 1573 3414 licuit
1587 3372 1654 3415 bono.

1115 3479 1214 3530 liudem
1231 3479 1285 3529 fere
1296 3479 1351 3544 jam
1363 3485 1474 3528 verterat
1485 3477 1572 3527 soluta
1583 3477 1711 3534 oratione,
1724 3477 1762 3527 lle
1786 3479 1847 3528 l'itu

1083 3545 1150 3596 beot.
1165 3545 1229 3596 ibid.
1245 3561 1252 3595 τ
1268 3567 1281 3590 ιι
1295 3544 1419 3610 Quisquis
1430 3549 1517 3594 autem
1530 3543 1659 3608 queritur,
1672 3553 1698 3592 et
1710 3545 1808 3608 plorat,
1818 3557 1848 3593 et

1083 3611 1172 3675 gemit,
1186 3610 1315 3676 imperata
1327 3611 1412 3660 fucere
1426 3607 1453 3658 ui
1465 3607 1577 3673 cogitur,
1589 3617 1615 3658 et
1631 3609 1726 3658 invitus
1739 3607 1848 3674 rapitur

1082 3677 1115 3727 ad
1133 3675 1209 3741 jussa
1228 3675 1406 3726 nihilominus.
1432 3674 1495 3733 Ques
1526 3681 1614 3724 autem
1638 3673 1770 3725 dementia
1790 3683 1846 3734 est,

1083 3741 1168 3808 potius
1183 3741 1251 3792 trahi
1261 3757 1339 3807 quam
1350 3739 1473 3805 sequit...
1490 3759 1503 3785 ιι

1113 3873 1220 3926 XXXV.
1243 3869 1329 3935 Epict.
1352 3870 1487 3921 Ειιοθίνίιί.
1512 3871 1553 3930 53,
1575 3871 1599 3919 2.
1624 3869 1729 3918 Haecin
1753 3870 1847 3920 animo

1081 3939 1203 3990 habuisse
1228 3939 1330 3988 uidetur
1354 3938 1456 3986 Seneca
1475 3951 1534 3986 cum
1553 3933 1658 3999 scripsit
1681 3937 1733 3984 f'it.
1760 3935 1846 3996 teat,

1081 4003 1144 4056 ibid.
1161 4025 1206 4055 ιι...
1221 4003 1277 4054 Deo
1288 4017 1391 4067 parere,
1404 4012 1430 4050 et
1442 3999 1567 4066 quidquid
1578 3999 1663 4049 evenit
1671 4001 1738 4050 hono
1751 4002 1846 4051 animo

1080 4070 1209 4134 excipere,
1233 4083 1282 4119 nec
1302 4067 1334 4118 de
1364 4067 1418 4117 fato
1439 4067 1542 4131 queri...
1562 4065 1687 4130 quidquid
1712 4067 1845 4123 evenerit,

1080 4135 1145 4185 feret
1160 4133 1271 4198 (virtus),
1282 4147 1334 4182 non
1351 4131 1453 4197 patiens
1466 4141 1576 4192 tantum,
1587 4132 1633 4180 sed
1644 4131 1723 4180 etiam
1738 4131 1844 4191 rolens,

1079 4215 1233 4264 omnemque
1246 4206 1391 4264 temporum
1403 4197 1582 4248 difficultatem
1600 4195 1666 4246 sciet
1682 4197 1767 4260 legem
1780 4213 1845 4248 esse

1079 4275 1188 4316 naturus.
1204 4285 1217 4310 ιι

1110 4395 1227 4446 XXXVI.
1253 4395 1329 4460 Apud
1352 4395 1501 4453 Stobaeum,
1523 4391 1612 4442 Florif.
1638 4392 1752 4450 CXXIV,
1780 4408 1845 4444 cum

1077 4463 1209 4512 mentione
1231 4461 1432 4526 ἐπιγραμμάτων.
1448 4486 1479 4496 -
1498 4459 1544 4508 Vs.
1567 4460 1592 4508 2.
1612 4458 1697 4521 Vulgo
1725 4460 1796 4522 νέμει
1815 4473 1843 4510 et

1076 4531 1155 4592 νέμοι.
1166 4527 1195 4577 ln
1209 4527 1327 4590 margine
1339 4527 1439 4575 Gesner
1450 4523 1540 4588 ἔνειμε.

1107 4657 1237 4708 XXXVII.
1253 4657 1291 4706 Ex
1297 4655 1378 4706 Suida
1385 4671 1424 4704 vv.
1429 4656 1525 4715 Αίιτιίνη
1535 4653 1697 4706 οίλῖσυλα.-
1705 4655 1744 4704 Cf.
1753 4655 1840 4706 Babr.

1075 4725 1140 4775 Feb.
1154 4725 1195 4772 et.
1212 4749 1242 4760 -
1252 4723 1302 4773 Vs.
1315 4723 1339 4771 3.
1353 4719 1446 4772 Ανίαο.
1460 4720 1523 4773 Fae.
1535 4721 1605 4782 xlx,
1618 4736 1643 4771 r.
1657 4723 1672 4771 ‘f
1688 4736 1694 4770 :

1138 4820 1256 4878 Puppibus
1270 4819 1293 4863 ln
1305 4819 1393 4871 mediis,
1406 4820 1526 4875 mediaque
1538 4819 1561 4862 ίο
1574 4818 1629 4862 sede
1641 4817 1751 4873 locamur,

1195 4875 1219 4917 in
1229 4885 1265 4916 roe
1277 4885 1403 4928 suspensos
1417 4872 1519 4928 explicat
1530 4883 1591 4916 aura
1601 4872 1676 4914 sinus.

1106 5003 1248 5052 XXXVIII.
1261 5023 1273 5048 ι
1283 5002 1340 5051 Duo
1348 5002 1403 5051 haec
1413 4999 1524 5050 disticha
1532 4999 1643 5050 servarit
1653 4999 1837 5050 Athenaeusll.

1073 5085 1094 5119 e.
1107 5071 1131 5125 I,
1144 5083 1168 5132 p.
1183 5071 1223 5129 36,
1234 5069 1264 5118 1¹¹.
1276 5075 1302 5116 et
1312 5068 1383 5117 Stob.
1396 5065 1465 5117 θίαν.
1480 5065 1574 5122 XVIII,
1583 5081 1609 5130 p.
1620 5066 1677 5114 tte.
1692 5065 1758 5114 Tres
1767 5065 1840 5127 prio·

1072 5149 1114 5185 res
1127 5141 1213 5184 autem
1226 5147 1316 5184 versus
1329 5133 1407 5183 habet
1419 5131 1498 5182 etiam
1508 5131 1627 5182 Clemens
1638 5130 1715 5180 Alex.
1727 5131 1838 5198 Paedeg.
