3882 6080
219 326 276 384 ⁴56

259 457 336 534 ὅμως
347 457 379 512 nd
392 461 502 534 τραῦμα
517 457 660 532 φάρμακον
674 457 813 532 κεραννύει

258 549 311 601 τῶν
325 547 487 623 τραυμάτων
503 561 551 598 σου
564 544 612 595 καὶ
625 543 659 596 τὰ
673 540 765 620 ῥεῖθρα
781 540 935 618 βλυστύνιι.

521 691 570 749 72.
585 699 681 752 ΔΔΔΟ.

484 809 524 862 Εἰς
538 809 581 865 τὴν
594 805 714 870 χλαμύδα.

260 931 297 986 Τὸ
311 933 365 1006 φῶς
380 927 464 998 στολή
482 947 538 1005 μοι,
552 931 600 982 νῦν
616 925 645 981 δὲ
659 925 770 1002 χλαμὺς
784 922 882 996 ἐνδύει,

262 1016 362 1088 στολὴν
378 1014 552 1072 ἀπεκδύουσα
564 1017 615 1085 την
630 1015 680 1084 οην
696 1015 838 1090 αἰσχύνης.

521 1165 570 1223 73.
586 1173 682 1222 Anno,

296 1280 337 1334 El:
350 1279 379 1326 τὸ
393 1275 626 1328 ΔΙΕΜΕΡΙΣΑΝΤΟ
639 1279 684 1326 ΤΑ
697 1277 813 1324 IMATlA
827 1275 904 1324 lior.

261 1401 366 1454 Χιτῶνα
379 1401 455 1453 τείνω
469 1402 505 1474 τῇ
520 1399 605 1452 κτίσει
617 1397 663 1452 τθν
678 1399 757 1474 ἀέρα,

260 1487 346 1557 πνοὴν
364 1481 475 1564 μσρίζω,
490 1487 537 1540 νῦν
552 1481 576 1539 δ’
592 1485 664 1560 έμῶν
681 1482 837 1561 ἐνδυμάτων

260 1577 326 1651 ἐμὸς
341 1575 467 1652 μεριστῆς
480 1571 592 1650 κλῆρος·
607 1570 672 1628 ἀλλ’
685 1573 750 1650 ἄφες
763 1575 862 1652 περῶν.

524 1725 574 1783 ll.
590 1733 687 1783 Anno·

508 1839 559 1902 [Εἰς
574 1837 603 1888 τὸ
617 1837 698 1899 mirol.

262 1957 351 2026 ίΙνοὴν
368 1953 479 2034 μορίζω,
493 1960 540 2012 νύν
558 1957 631 2034 μερίς
644 1953 747 2032 κλῆρος
760 1953 784 2010 τ’
799 1954 874 2030 ipor-

260 2043 355 2122 κληριρ
373 2047 494 2123 μεριστοιί
507 2047 559 2099 τῶν
575 2045 647 2121 έμῶν
663 2041 829 2118 ἐνδυμάτων.

522 2195 570 2252 75.
586 2201 684 2252 Anno·

507 2307 560 2371 [Εἰς
573 2306 601 2356 τὸ
615 2305 697 2370 olardi

261 2412 415 2506 Ᾰφθαρσίας
426 2423 531 2503 ἔνδυμα
545 2427 576 2482 τδ
589 2429 651 2504 πρὶν
665 2423 761 2481 ένδύω·

260 2517 308 2568 νῦν
323 2516 410 2589 σάρκα
421 2514 471 2582 τὴν
487 2513 538 2582 σὴν
553 2513 633 2576 αὐτὸς
648 2509 824 2586 ἐνδεδυμένον

262 2599 414 2671 ἀπεκδύεις,
431 2598 565 2676 ἄνθρωπε,
581 2597 655 2670 πλὴν
668 2597 742 2656 ἀλλὰ
755 2600 850 2673 στέγω,

265 2688 371 2766 μᾶλλον
387 2685 480 2758 δέτὴν
496 2685 590 2744 θέωσιν
605 2689 686 2752 αύτδς
701 2683 796 2743 ένθύω.

524 2839 572 2896 76.
591 2843 687 2894 ΑΛΛΟ.

485 2951 527 3004 Εἰς
537 2950 569 3000 τέ
582 2950 721 3016 σπάργανα.

263 3071 296 3124 Εἰ
309 3069 357 3124 καί
369 3069 493 3124 ταπεινὸν
509 3065 656 3144 ἐνδέδυμαί
667 3087 710 3123 σοι
724 3067 815 3146 ῥάκος,

262 3157 293 3212 sd
307 3156 435 3235 λαμπρὸν
450 3153 571 3235 έΕύφηνα
584 3160 632 3212 τοῦ
649 3155 735 3213 πόλου
749 3154 862 3220 πλάτος.

526 3308 574 3367 77.
593 3315 688 3364 Addo.

514 3420 555 3474 El:
568 3419 599 3468 τὰ
612 3417 700 3482 δεσμά.

265 3539 391 3615 Δεσμεῖτε
404 3539 499 3616 χεῖρας
513 3535 556 3603 αῑς
568 3537 662 3594 παθῶν
677 3539 729 3614 έγὼ
741 3537 826 3603 λύσας

266 3628 337 3703 ὑμᾶς
349 3624 456 3682 τέθεικα
468 3624 552 3703 γῆθεν
568 3623 791 3704 αίθεροδρύμους.

313 3780 359 3837 78.
384 3775 570 3834 eudonem
589 3776 655 3833 ΤΟΥ
676 3775 898 3834 ΠΡΟΔΡΟΜΟΥ.

460 3889 500 3945 Εἰς
513 3889 554 3940 τδν
569 3889 636 3950 ἅγιον
649 3887 758 3940 Λοῦπον.

266 3995 372 4086 ἔκλεψε
386 4010 493 4074 Λοῦπος
508 4006 668 4079 δεσποτικὴν
683 4006 842 4086 σφενδόνην,
952 4019 953 4022 ’

269 4095 326 4174 μεθ’
340 4095 375 4168 ἧς
387 4099 488 4175 ἐνεργεῖ
500 4096 614 4154 πλεῖστα
627 4101 679 4153 τῶν
692 4099 847 4174 τεραστίων.

266 4185 372 4242 Οὐκοῦν
387 4187 503 4262 ὑπέσχεν
518 4181 596 4250 ἀξίαν
611 4187 657 4239 καί
670 4185 719 4256 τὴν
735 4183 814 4256 δίκην

265 4271 378 4350 τμηθεὶς
391 4271 527 4350 κεφαλὴν,
543 4273 590 4326 καί
603 4273 689 4327 συνὼν
702 4275 740 4348 τῷ
756 4270 884 4349 δεσπότῃ.

482 4430 530 4489 79.
553 4427 620 4486 ΤΟΥ
640 4430 734 4486 ΦΙΛΗ.

521 4543 587 4609 Πρὸς
599 4544 693 4608 ἰατρόν.

266 4649 352 4742 Ῐατρέ,
370 4662 408 4740 μὴ
424 4658 504 4717 δίωκε
518 4663 565 4717 τὸν
578 4666 661 4739 τύφον
679 4666 779 4738 μάτην.

266 4754 299 4806 El
311 4752 364 4828 γὰρ
379 4753 519 4821 σιωπήσας
532 4748 649 4828 ἀκριθῶς
661 4753 805 4830 ἀνακρίνῃς

268 4839 328 4895 ὅθεν
342 4835 442 4916 πορίζῃ
456 4841 504 4903 τὰς
518 4841 644 4917 ἀφορμὰς
658 4843 706 4895 τοῦ
723 4839 796 4916 βίου,

268 4928 348 4991 αὐτὸς
361 4928 474 4982 σεαυτὸν
488 4929 536 4982 καί
553 4925 719 5006 μυσαχθηση
733 4933 815 5005 τάχα,

206 5038 218 5084 5
268 5017 369 5092 τροφῆς
380 5017 521 5092 χορηγούς
535 5011 602 5093 οὖροι
615 5018 663 5071 καὶ
672 5021 772 5094 κόπρον
788 5017 869 5093 ἔχων.

271 5104 326 5180 Χρὴ
343 5098 390 5158 οὗν
406 5103 490 5180 ὀφρὺν
505 5102 621 5180 ῥίψαντα
634 5104 683 5174 τήν
699 5105 855 5180 έπηρμένην

668 303 1096 381 nunnonoormonmcm
1116 317 1345 378 Annnuorors

1069 461 1188 511 sllemen
1202 455 1299 511 vulnus
1314 456 1461 512 remedium
1475 457 1606 516 admiscet

1070 541 1210 599 vulnerum
1222 549 1330 601 luorum
1343 549 1370 600 el
1384 543 1458 602 rivos
1473 547 1596 604 effundit.

1338 698 1383 752 72.
1402 707 1502 750 Aulon.

1310 803 1338 852 ln
1357 804 1528 868 chlamydem.

1072 928 1174 982 Lumen
1182 927 1335 994 slolnmihi¹
1344 946 1417 984 nuno
1424 935 1515 985 aulem
1522 947 1565 986 me
1572 929 1660 986 induit
1667 929 1801 1004 chlamys,

1072 1015 1169 1071 stolum
1183 1031 1286 1072 exuens
1299 1023 1375 1072 luem
1388 1016 1575 1090 turpitudinis.

1334 1169 1378 1220 73.
1398 1175 1498 1218 nurus.

1038 1273 1067 1321 lu
1087 1273 1143 1323 hoeo
1159 1273 1239 1323 verbe
1254 1287 1261 1322 :
1277 1272 1421 1324 PARTITI
1436 1273 1529 1324 SUNT
1545 1273 1676 1324 VESTES
1690 1273 1796 1323 MEAS.

1075 1400 1107 1454 Ul
1120 1396 1239 1454 tunicum
1251 1397 1369 1454 extendo
1383 1413 1467 1471 super
1479 1403 1604 1454 naturam
1618 1413 1692 1460 sere,
1700 1397 1802 1469 [torum

1073 1484 1197 1558 spiritum
1211 1485 1327 1557 portiom
1338 1503 1410 1541 nuno
1421 1493 1513 1542 sulem
1524 1501 1646 1540 meorum
1659 1484 1803 1539 indumen-

1072 1572 1802 1649 mihipumilionem-luoilsorsrseddimitletronsiens.

1340 1723 1385 1780 m.
1403 1731 1504 1775 norun.

1352 1831 1392 1894 [ln
1405 1829 1495 1896 idem]

1075 1954 1207 2029 Spiritum
1216 1955 1330 2028 partior,
1339 1973 1411 2012 nuuc
1418 1955 1530 2030 partilio
1538 1973 1651 2030 sorsque
1662 1957 1696 2012 de
1706 1973 1750 2011 me
1757 1959 1803 2026 fik

1075 2050 1149 2100 sorte
1161 2042 1307 2116 partitores
1319 2049 1382 2100 sunl
1395 2060 1515 2099 meorum
1529 2043 1758 2100 indumentorum.

1342 2199 1386 2250 75.
1405 2205 1505 2248 suun.

1353 2303 1392 2367 [In
1407 2301 1495 2366 ideml.

1076 2427 1286 2485 lmmormlitatis
1300 2427 1486 2484 indumentum
1497 2426 1574 2502 prius
1586 2427 1685 2496 induo,

1074 2533 1146 2572 nunc
1159 2533 1240 2572 earne
1254 2521 1303 2571 lus
1314 2514 1373 2588 ipse
1384 2531 1426 2570 me
1439 2515 1564 2571 indutum

1076 2605 1162 2672 exuis,
1178 2605 1269 2670 homo,
1285 2610 1404 2659 etlumen
1419 2609 1444 2659 te
1459 2610 1535 2676 lego,

1075 2694 1130 2751 imo
1144 2692 1253 2767 quidem
1268 2689 1409 2747 divinitate
1421 2691 1480 2762 ipse
1495 2695 1519 2746 le
1533 2688 1624 2746 induo.

1341 2840 1388 2896 76.
1406 2845 1505 2889 aurun.

1349 2947 1378 2996 ln
1392 2943 1498 2996 lescies.

1079 3076 1135 3134 Elsi
1149 3073 1277 3131 humilem
1291 3073 1366 3129 indui
1379 3072 1430 3130 libi
1444 3087 1573 3145 pennum,

1078 3163 1247 3237 splendidum
1260 3160 1388 3218 contexui
1402 3159 1459 3216 eseli
1473 3155 1652 3215 latitudinem.

1340 3313 1384 3366 77.
1406 3317 1505 3363 delun

1345 3419 1375 3466 ln
1388 3414 1500 3466 vineole.

1078 3545 1184 3604 Vinoile
1205 3562 1301 3601 manus
1321 3543 1498 3616 quibuscum
1516 3540 1675 3598 libidinibus
1688 3558 1736 3597 uos
1753 3559 1807 3616 ego

1077 3634 1296 3692 vosleeie-terre
1306 3631 1625 3706 peremere-currentes.
1641 3629 1807 3702 [noluissem.

1188 3787 1232 3839 ἵν’.
1252 3779 1438 3837 THEODORI
1457 3778 1657 3836 PRODROMI.

1280 3888 1310 3938 ln
1323 3893 1442 3938 sanorum
1456 3886 1567 3951 Lupum.

1078 4017 1197 4072 Furnius
1210 4019 1252 4070 esi
1266 4015 1360 4087 Lupus
1373 4012 1485 4068 herilem
1499 4011 1598 4086 palem,

1076 4121 1137 4160 oum
1148 4119 1203 4176 qus
1214 4107 1343 4174 operetur
1354 4099 1482 4174 pleraque
1496 4097 1695 4156 miraculorum.

1080 4193 1151 4264 Ergo
1164 4188 1250 4246 subiit
1262 4188 1373 4262 dignum
1385 4195 1413 4244 el
1424 4205 1541 4262 poenem,

1079 4277 1202 4336 abscisso
1213 4275 1313 4350 cupite,
1328 4283 1356 4332 el
1370 4275 1584 4336 eomes-additus
1598 4274 1675 4330 hero.

1328 4436 1372 4489 79.
1393 4433 1519 4488 PHILAE.

1327 4541 1369 4591 Ad
1383 4539 1520 4590 medicum.

1080 4669 1194 4737 lllediee‚
1209 4686 1244 4726 ne
1258 4683 1423 4743 prosequare
1437 4683 1513 4721 vene
1527 4665 1621 4738 gloriae
1635 4664 1750 4721 fumum.

1079 4759 1108 4816 Si
1124 4759 1195 4815 enim
1209 4757 1310 4815 lucitus
1325 4755 1471 4827 diligenter
1484 4751 1624 4809 examines

1081 4846 1150 4903 unde
1165 4843 1216 4902 libi
1230 4843 1355 4918 prebeas
1369 4839 1471 4898 auxilie
1482 4839 1554 4905 vile,

1080 4935 1138 5009 ipso
1151 4941 1179 4990 le
1193 4933 1283 5007 ipsum
1296 4938 1324 4988 el
1337 4927 1498 4987 svemobere
1509 4926 1594 4992 brevi,

1078 5022 1166 5079 vietus
1176 5019 1426 5078 subminislrstoms
1436 5014 1528 5072 urinas
1537 5021 1566 5070 el
1576 5016 1681 5070 slereus
1689 5012 1808 5070 hebens.

1079 5110 1192 5184 Oportet
1205 5108 1299 5182 igilur,
1311 5104 1429 5162 demisso
1441 5104 1493 5160 hoo
1507 5102 1579 5158 laslu
1594 5099 1723 5174 superbo,
1763 5101 1766 5105 '
