3866 6016
207 439 265 497 ets

498 573 566 630 344.
583 577 679 630 anno.

446 677 488 732 Εἰς
501 675 608 741 σταυρὸν
621 673 740 742 χρυσοῦν.

249 793 396 851 Κάνταύθα
410 797 522 874 Χριστός
537 797 605 852 άστιν
621 796 710 851 ὑπνῶν
726 797 752 850 ἐν
768 791 857 872 ξύλῳ·

237 881 326 961 Ιράριι
339 881 369 938 δὲ
383 885 485 962 χρυσόν
498 888 547 940 τοῦ
562 883 666 948 πάθους
678 885 729 954 τὴν
744 885 846 949 εἰκόνα,

250 970 309 1028 ἀνθ’
324 969 356 1028 οὗ
370 971 481 1052 πραθεὶς
495 974 578 1030 ἔσωσε
591 976 654 1038 τοὺς
668 971 728 1029 κατ’
741 975 843 1030 εἰκόνα.

487 1116 556 1172 345.
587 1123 686 1172 nano.

478 1218 520 1274 ute
531 1219 573 1268 τὸν
585 1219 705 1284 Στανρόν.

250 1339 319 1402 Τοὺς
334 1340 465 1414 οὐρανοὺς
478 1336 608 1411 ἥπλωσοι,
621 1341 849 1416 πιόνομαιχόρας,

249 1427 348 1503 ἤρεισα
361 1427 412 1496 τὴν
426 1429 491 1502 γῆν,
505 1430 552 1482 νῦν
566 1425 766 1504 προσηλοῦμαι
779 1422 869 1503 ξύλῳ·

250 1512 390 1569 θάλασσαν
403 1510 546 1580 ἐξέθλυσα,
562 1519 609 1570 νῦν
625 1512 666 1580 tt,
684 1513 801 1592 πλάσμα
815 1533 880 1592 μου,

250 1599 369 1680 πλευράς
382 1603 417 1657 τά
430 1603 512 1657 καινά
527 1600 619 1681 ῥεῖθρα
631 1606 718 1658 ταῦτα
735 1601 888 1678 βλυστάνω·

249 1692 303 1768 πῦρ
318 1687 353 1760 δη
360 1693 492 1768 μιοωργῶ,
510 1694 599 1745 τανύω
613 1691 659 1746 τὸν
675 1692 754 1768 άίρα,

249 1776 336 1833 λιίπω
349 1778 381 1834 τό
396 1775 508 1856 θερμόν,
523 1780 637 1837 ἐκπνάω.
654 1779 686 1834 Τί
698 1799 741 1835 σοι
753 1777 854 1850 πλέονς

249 1869 303 1942 γῆν
315 1868 408 1944 νεκρός
420 1869 497 1932 οἰκῶ,
512 1865 587 1937 πλὴν
602 1869 711 1932 άνιστῶ,
726 1869 774 1922 καὶ
785 1869 871 1946 τάρον

252 1956 319 2010 ἑκὼν
335 1953 469 2022 ὑπελθὼν,
484 1951 615 2032 ἐξανοόγω
630 1975 674 2012 σοι
687 1953 785 2013 πόλον.

496 2100 564 2158 346.
587 2107 684 2156 nano,

474 2205 516 2261 Εἰς
529 2205 574 2264 τὴν
588 2204 712 2269 βάπτισιν.

252 2302 328 2392 Ϋδωρ
342 2313 497 2381 θαλασσῶν,
513 2319 563 2386 τῆς
577 2311 697 2372 όιθύσσου
711 2319 765 2371 πᾶν
783 2313 867 2391 βάθος

252 2405 305 2481 ἐγὼ
320 2400 436 2474 συνῆξα,
451 2407 512 2482 χιὶρ
528 2405 583 2479 4μή
602 2401 628 2458 δ’
644 2399 672 2469 ἐξ
688 2401 795 2460 ὑδάτων

238 2483 307 2556 Ιτοῖς
321 2493 445 2570 οὐρανοῖς
459 2490 572 2570 ύπιρθιν
586 2490 700 2562 ἤπλωσι
714 2495 823 2567 στέγην.

995 566 1000 668 l

999 1115 1003 1182 ¹

1000 1295 1003 1332 i

1000 1335 1003 1357 t

999 1369 1003 1400 ¹.

1000 1401 1003 1426 1

658 436 917 498 ANTHOLOGIAE
938 435 1090 495 GRAECAE
1110 437 1337 498 APPENDICIS

1315 580 1377 634 344.
1397 589 1499 633 neruo.

1269 678 1297 728 ln
1312 693 1415 728 crucem
1429 693 1546 729 aureum.

1026 802 1060 858 Et
1069 801 1113 857 hlc
1128 801 1255 860 Christus
1267 811 1309 860 cst
1323 803 1460 860 dormiens
1474 804 1501 860 in
1516 804 1605 878 ligem

1026 889 1080 946 lert
1092 896 1183 948 autem
1198 907 1294 947 aurum
1307 892 1380 965 quod
1395 893 1531 966 passionis
1545 893 1635 968 imago
1647 900 1701 964 est,

1026 977 1210 1052 cujus-pretio
1228 979 1356 1036 venditus
1373 980 1545 1037 salvos-lecit
1563 999 1611 1038 eos
1628 983 1675 1056 qui
1695 989 1799 1038 contra

1319 1113 1381 1169 345,
1402 1123 1505 1166 mm).
1544 1069 1798 1143 [imglnemsunl.

1329 1213 1359 1261 ln
1373 1212 1493 1260 Crucem.

1028 1336 1116 1394 Caelos
1128 1337 1247 1411 expandi
1263 1355 1270 1393 :
1286 1339 1420 1395 extendor
1434 1337 1571 1406 manibus,

1000 1431 1004 1510 l
1027 1425 1132 1482 firmavi
1146 1431 1258 1494 termm‚
1270 1444 1342 1482 nunc
1356 1426 1552 1500 clavis-affiget
1566 1427 1654 1500 ligno;

252 2575 351 2648 Κλύζω
367 2577 397 2635 δά
412 2582 461 2648 την
475 2583 540 2656 γῆν,
557 2578 633 2638 άλλά
645 2583 692 2635 νῦν
709 2579 804 2654 βάπτω
818 2581 916 2658 κάραν,

184 2683 198 2730 5
252 2672 299 2724 καὶ
313 2665 472 2745 συμθυθόζω
486 2672 534 2725 τοῦ
550 2666 697 2746 δράκοντος
711 2669 762 2737 τὴν
777 2671 874 2744 κάραν.

253 2756 343 2812 litteo
355 2753 384 2812 δὲ
401 2754 492 2832 δούλῳ
508 2753 642 2827 δεσπότης
654 2757 701 2812 τόν
717 2757 832 2834 αύχόνοι,

252 2848 300 2900 καὶ
312 2844 430 2921 πλάσμα
440 2845 544 2922 τούμόν
559 2839 685 2921 άξανυψῶ
697 2845 764 2922 πρὸς
778 2842 875 2901 πόλον.

509 2985 578 3044 att.
595 2991 692 3040 anno.

295 3090 337 3146 at:
350 3090 379 3140 το
393 3091 631 3140 atetteemnnno
640 3090 808 3140 antenna
820 3089 897 3140 nor.

213 3211 303 3280 Πνοὴν
321 3207 431 3289 μιρίζω,
448 3214 547 3288 χόρτον
562 3211 646 3286 άγρόν
661 3206 758 3282 δνδύω,

212 3301 260 3354 καὶ
272 3302 318 3355 νῦν
334 3300 460 3376 papisci<
473 3301 526 3352 τῶν
541 3297 614 3374 θμῶν
629 3295 798 3373 ἐνδυμάτων,

214 3389 269 3465 4μή
287 3389 361 3466 μερὶς
375 3389 422 3441 καὶ
435 3384 549 3464 κλῆρος·
566 3384 629 3443 ἀλλ’
646 3375 722 3464 opti,
740 3390 835 3464 πάτερ.

507 3537 575 3596 348.
591 3549 688 3598 nnnc.

497 3651 539 3706 ate
550 3650 593 3698 τὸν
616 3650 697 3708 Ἰωήλ.

213 3756 358 3836 Ιδξίσταται
374 3769 482 3846 βλάπων
497 3789 536 3834 τις
548 3765 723 3840 δξισιηκότα,

213 3855 314 3936 θαμθιϊ
327 3861 472 3938 προρηιην
488 3861 599 3936 εἰσορῶν
614 3856 763 3930 τιθηπότα.

213 3947 291 4003 Ούτω
305 3948 337 4002 τό
352 3943 458 4024 θάμθος
474 3947 556 4024 μάχρι
567 3948 615 4002 καὶ
626 3950 679 4001 τῶν
693 3949 849 4024 χρωμάτων

213 4034 331 4092 δείκνυσι
344 4039 428 4114 τόχνη
443 4037 493 4106 τὴν
508 4039 585 4112 φύσιν
603 4038 776 4112 μιμουμένη.

508 4185 577 4243 3l9.
594 4193 692 4242 ΑΛΛΟ.

443 4299 485 4355 Εἲς
494 4298 536 4347 τὸν
549 4299 740 4362 coenaculo.

213 4423 289 4476 Δοκῶ
308 4417 473 4499 βροτοῦσθαι
487 4421 534 4474 καὶ
547 4417 630 4474 πάλιν
643 4419 689 4474 τόν
706 4417 855 4490 δισπότην·

211 4512 315 4588 χαίρων
329 4511 343 4564 ό
357 4507 501 4586 πεμφθείς,
515 4509 536 4578 ἡ
551 4511 620 4585 κόρη
637 4504 817 4584 θαμδουμάνη

213 4601 276 4686 ύσὶν
290 4599 321 4653 τό
335 4601 455 4672 πνεῦμα,
470 4599 572 4674 πατρός
585 4598 605 4666 ἡ
620 4599 680 4674 χεὶρ
696 4594 807 4672 ὑψόθεν.

213 4688 323 4742 Ηκουσα
338 4690 445 4750 πάντως
458 4689 505 4740 καὶ
518 4687 549 4741 τό
565 4685 705 4741 ΧΑΙΡΟΙΣ
720 4683 851 4760 άγγὲλου,

184 4796 198 4843 5
214 4777 237 4829 tl
254 4777 292 4852 μὴ
307 4776 338 4830 τό
354 4777 469 4853 πρᾶγμα
485 4777 532 4830 καὶ
545 4771 628 4830 πάλιν
642 4772 736 4829 λαθεῖν
752 4769 817 4832 ἔδει.

502 4919 571 4978 350.
587 4926 684 4976 ΑΛΔΟ.

489 5030 541 5095 [Εἷς
557 5031 598 5081 τὸν
613 5029 708 5095 αὐτόν.)

216 5152 326 5228 Χαίροις
338 5152 373 5206 τὰ
390 5154 529 5229 μνῆστροι·
545 5155 633 5207 ταῦτα
648 5149 673 5206 δ’
688 5147 753 5206 ἕδνα
768 5170 821 5216 σοι,
835 5154 905 5230 κόρη

215 5239 301 5318 χθών,
318 5241 443 5319 οὐρανός,
462 5239 598 5314 θάλασσα,
616 5243 747 5316 σύμπασα
761 5242 854 5306 κτίσις,

1028 1530 1102 1569 mare
1116 1513 1210 1582 effudi,
1221 1531 1293 1569 nunc
1307 1521 1408 1577 autem.
1424 1515 1633 1588 figlinum-opus
1643 1533 1745 1582 meum,

1028 1618 1043 1657 e
1056 1600 1141 1658 latere
1153 1617 1224 1658 nova
1238 1602 1296 1658 hcc
1310 1603 1413 1658 lluenta
1424 1603 1549 1672 ellund03

1027 1690 1119 1762 ignem
1133 1689 1261 1758 fabricem
1274 1691 1392 1747 extendo
1404 1709 1478 1760 aera,

1027 1779 1121 1853 linquo
1133 1779 1260 1850 colorem,
1271 1780 1392 1854 exspiro.
1407 1780 1479 1848 Quid
1489 1780 1539 1836 tibi
1551 1780 1687 1854 amplius?

1027 1873 1129 1924 terram
1142 1874 1266 1924 mortuus
1280 1867 1385 1937 habito,
1401 1868 1450 1924 sed
1469 1869 1679 1942 surgere-facio,
1699 1875 1727 1924 et
1748 1885 1797 1924 se·

1027 1955 1115 2012 libens
1124 1954 1171 2030 qui
1185 1955 1268 2025 subii,
1284 1955 1378 2030 aperio
1392 1957 1443 2012 tibi
1457 1957 1560 2031 polum.
1654 1957 1797 2031 [pulcrum

1323 2099 1384 2153 346.
1405 2108 1503 2155 norun.
1542 2079 1546 2086 ’

1202 2207 1205 2214 “
1247 2198 1276 2248 ln
1291 2213 1393 2248 sacram
1409 2197 1577 2248 lavationem.

1029 2316 1134 2389 Aquam
1149 2314 1274 2382 marium,
1290 2314 1383 2388 abyssi
1393 2332 1473 2371 omne
1487 2315 1652 2389 protundum

1030 2420 1083 2477 ego
1095 2402 1185 2478 coegi,
1200 2419 1350 2476 manusque
1362 2419 1424 2458 mea
1436 2420 1471 2458 cx
1483 2403 1562 2477 aquis
1577 2403 1656 2459 undis

1030 2491 1102 2548 omlis
1114 2507 1231 2565 superne
1244 2490 1390 2565 explicavit
1403 2497 1515 2548 tectum.
1659 2481 1664 2494 ⁸

1031 2583 1104 2638 Lavo
1117 2589 1207 2638 autem
1222 2588 1333 2648 terram,
1350 2581 1399 2637 sed
1413 2599 1486 2636 nunc
1497 2581 1557 2638 lavo
1571 2585 1664 2655 caput,

1031 2677 1058 2729 ct
1069 2669 1296 2742 simul-demergo
1308 2669 1434 2726 draconis
1448 2675 1542 2744 caput.

1030 2758 1186 2831 Inclinoque
1199 2774 1278 2814 servo
1292 2756 1418 2813 dominus
1433 2757 1577 2827 cervicem,

1031 2855 1140 2922 etopus
1153 2863 1241 2903 meum
1257 2845 1358 2902 extollo
1373 2846 1407 2903 ad
1419 2845 1521 2920 polum.

1318 2996 1380 3049 347.
1399 3000 1499 3044 notun.

1101 3093 1129 3142 ln
1142 3092 1199 3142 baec
1212 3092 1293 3142 verba
1305 3105 1312 3141 ι
1327 3091 1473 3141 diuiserunt
1485 3089 1637 3140 uestimento
1651 3103 1718 3140 meu.

1030 3219 1164 3296 Spiritum
1173 3219 1266 3276 divido
1276 3223 1296 3277 ι’.
1308 3236 1331 3276 ο.
1342 3217 1492 3285 distribu03
1503 3214 1589 3272 herba
1599 3231 1682 3289 agros
1694 3215 1797 3283 vestio,

1021 3316 1059 3368 -et
1072 3326 1144 3365 nunc
1157 3313 1195 3366 est
1207 3306 1310 3364 divisor
1323 3323 1446 3362 meorum
1460 3303 1708 3371 vestimentorum·

1030 3414 1091 3454 mea
1106 3395 1138 3454 lt
1151 3395 1250 3453 divisio
1263 3401 1292 3452 et
1305 3393 1412 3466 sortitio
1427 3410 1434 3448 ι
1448 3392 1498 3449 sed
1509 3391 1626 3459 dimitte,
1642 3397 1730 3464 pater.

1324 3547 1385 3602 348.
1405 3552 1504 3596 neruo.

1260 3655 1289 3704 ln
1302 3651 1361 3704 Joel
1377 3651 1564 3717 [prophetam].

1030 3781 1300 3840 Amentealienatur
1314 3777 1375 3852 quis
1389 3776 1485 3833 videns
1501 3775 1799 3846 amente-alienatum,

1030 3871 1202 3945 obstupescit
1215 3868 1377 3944 prophetam
1392 3866 1501 3922 intuens
1515 3864 1746 3938 obstupefactum.

1030 3958 1106 4014 Adeo
1121 3964 1262 4030 stuporem
1277 3973 1363 4026 usque
1378 3953 1414 4010 ad
1428 3953 1533 4010 colores

1031 4051 1165 4103 monstrat
1179 4061 1225 4102 ars
1237 4050 1364 4101 naturam
1378 4042 1494 4100 imitata.

1323 4185 1385 4240 349.
1405 4191 1505 4236 neruo.

1224 4293 1254 4344 ln
1268 4290 1614 4342 lostam-Annuntiationem.

1032 4420 1120 4479 Credo
1135 4417 1347 4476 mortalem-fieri
1360 4423 1388 4473 et
1403 4416 1502 4473 iterum
1516 4414 1654 4472 dominum
1667 4431 1674 4470 ι

1032 4509 1156 4582 gaudens
1169 4506 1279 4574 missus,
1296 4503 1387 4577 puella
1398 4502 1740 4578 cum-stupore-accipiens

1032 4598 1144 4655 auribus
1158 4595 1294 4670 spiritum,
1310 4591 1403 4650 Patris
1412 4610 1510 4650 manus
1525 4609 1654 4666 superne.

1032 4685 1147 4744 Omnino
1162 4692 1190 4741 et
1201 4681 1293 4740 audivi
1305 4681 1376 4739 AVE
1388 4680 1523 4736 dicentem
1535 4680 1671 4753 angelum,

1031 4775 1085 4832 nisi
1095 4793 1152 4833 rem
1165 4781 1193 4832 et
1207 4791 1303 4831 rursus
1317 4773 1402 4830 latere
1415 4777 1566 4845 oporteret.

1332 4917 1394 4972 350.
1416 4923 1516 4967 notun.

1321 5025 1360 5089 [ln
1372 5022 1512 5086 eamdem]

1034 5153 1129 5211 Gaude
1150 5151 1324 5227 sponsalibus
1349 5170 1356 5209 :
1389 5151 1479 5208 haecce
1504 5149 1556 5206 tibi
1583 5153 1647 5204 sunt
1672 5162 1801 5214 munera,

1034 5250 1118 5315 terra,
1133 5241 1238 5310 celum,
1254 5257 1339 5310 mare,
1354 5239 1482 5296 universa
1494 5243 1604 5305 natura,
1685 5231 1801 5308 [puella.
