3866 6016
449 439 574 499 CAPUT
595 437 646 498 111.
670 435 954 496 EPIGRAMMATA
974 437 1309 500 DEMONSTRATIVA.

15 653 16 656 Ἴ
103 577 158 655 ὄψιν
172 573 319 632 ίπειιιίλιον
334 574 491 651 Χαρίτεσσιν
505 570 722 649 λευκοπσρείοις,

15 679 16 732 j
68 671 91 718 ²⁰
103 669 166 742 ρυην
176 663 199 721 θ’
215 663 390 741 ὑψικόμοισιν
406 663 568 738 ἐϊσκομίνην
583 661 764 737 κυπαρίττοις,

15 743 16 766 ³
103 753 170 824 θείης
181 754 206 817 ἐς
217 747 392 814 λυκάθαντας
407 751 577 828 ἀπειρεσίοις
590 750 775 804 συνανάσσιιν.

396 899 465 958 282.
480 909 578 960 Αλλο.

137 1021 156 1093 θ
170 1031 363 1112 πορρυρανθής
377 1034 424 1089 καὶ
438 1029 571 1102 ἀειθαλής
583 1029 686 1096 κλάδος

136 1126 245 1178 πάππου
261 1125 335 1198 quale
349 1123 464 1184 ἄνακτος
478 1115 506 1184 ii
518 1103 684 1198 Ᾰνθρονίκου

137 1207 163 1277 ἐξ
177 1207 333 1288 ὑποθάθρας
345 1207 458 1285 ἰκδομεῖ
470 1212 573 1285 πύργον
587 1212 660 1280 νίσν,

136 1302 180 1356 καὶ
191 1301 339 1376 συνεγείριι
352 1295 574 1368 καταθληθεῖσαν
587 1293 691 1374 χίαμαὶ

135 1390 181 1459 τὴν
196 1385 434 1464 Ποντσηράκλειαν
450 1388 581 1462 εὐτίχνιος
591 1383 672 1456 ὅλην.

375 1584 443 1642 283.
459 1591 556 1640 ΑΛΛΟ.

300 1688 340 1744 atr
355 1687 397 1736 τὸν
416 1689 492 1751 μέγαν
508 1689 642 1740 Βασίλειον.

136 1822 190 1877 Κᾶν
206 1821 253 1884 σὸς
268 1818 497 1897 μελιττόγλωττος
511 1821 574 1890 ἔστη
591 1822 653 1900 ροῦς
666 1823 763 1898 περῶν,

135 1914 181 1966 τοῦ
196 1908 313 1965 θανάτου
329 1907 425 1964 θᾶττόν
441 1927 470 1964 σε
484 1907 703 1986 καθηρπακότος,

138 1997 213 2053 ἀλλὰ
224 1999 255 2052 τά
264 1995 358 2053 λεῖπον
373 2000 423 2066 τῆς
437 1998 503 2074 ῥοῆς
517 1999 654 2074 ὑπιρχίει,

138 2089 302 2164 ὁγρήγορος
312 2089 385 2150 νοῦς,
402 2088 456 2141 ἀπό
472 2105 521 2140 σου
533 2083 605 2140 καθά
619 2083 702 2140 πάλιν

139 2173 276 2252 ἄρθτυμα,
289 2175 402 2252 καὶγὰρ
417 2177 470 2229 σῶν
484 2171 530 2229 ὅδε
543 2171 756 2250 γλωττισμάτων

139 2259 166 2328 ἐξ
180 2259 219 2318 ὧν
234 2260 358 2332 ἐπλήσθη
373 2266 454 2340 χύμα
463 2258 556 2317 λαθὼν
568 2265 616 2316 τοῦ
628 2263 731 2338 Λόγου.

320 2449 389 2506 984.
413 2445 630 2504 ΓΕΩΜΕΤΡΟΥ.

269 2560 309 2627 Εἷς
326 2570 409 2620 εἰκόνα
427 2568 472 2620 τοῦ
495 2568 688 2636 Χρυσσστόμον.

137 2703 186 2758 Σοὶ
201 2663 281 2768 ἐῶντι
294 2703 388 2778 τοπρὶν
401 2702 421 2770 ἡ
436 2701 508 2770 πνοὴ
523 2701 614 2777 παρῆν
632 2703 716 2776 μόνη,

135 2792 267 2868 γραφίντι
281 2786 305 2844 θ’
323 2786 358 2846 αὖ
371 2793 419 2844 νῦν
432 2791 452 2857 ή
467 2789 539 2859 πνοὴ
553 2786 643 2846 λείπει
659 2792 742 2864 μόνη.

363 2969 432 3028 985.
455 2970 594 3031 NllflfTA.

305 3091 348 3148 Etr
362 3091 405 3140 τὸν
422 3093 491 3156 ἅγιον
508 3095 650 3161 Γρηγόριον.

101 3218 197 3286 tatto<
211 3221 263 3298 ίγὼ
281 3221 414 3299 μεγάλοιο
430 3221 551 3301 άδελρσῦ
566 3229 615 3282 τοῦ
629 3225 775 3286 Βασιλείου

137 3311 291 3388 Γρηγορίου
305 3309 407 3368 τελίθω
419 3316 553 3390 τέρματος
566 3316 688 3391 riquier.

98 3399 200 3454 Αὐτίκα
213 3401 266 3476 γὰρ
283 3399 427 3475 μετόπισθε
440 3400 608 3478 τανηλεγέος
622 3401 761 3473 θανάτοιο,

137 3484 182 3542 oid
198 3505 237 3551 τις
249 3488 364 3565 ἡνίοχος
378 3489 483 3566 ἅρμασι
495 3493 546 3560 τῆς
559 3495 658 3569 σορίης

74 3579 87 3628 ⁵
101 3575 179 3639 αὐτὸς
194 3571 369 3651 ἱπεμθεθαὼς
381 3579 511 3654 ὠχήσατο
524 3579 628 3644 ίσόθεος
643 3585 709 3658 pair,

104 3736 116 3748 .
137 3660 170 3719 οὗ
184 3666 233 3719 καί
248 3662 405 3742 ἀνεπλήρου
419 3669 543 3744 τέρματα
558 3667 722 3747 εὐρραδίως.

100 3752 206 3830 Επρεπε
219 3755 272 3831 γὰρ
289 3751 389 3808 πλάσιν
405 3753 559 3832 ἀνθρώποιο
574 3763 747 3830 κατασκευήν
761 3782 790 3817 τε

136 3839 429 3920 ηπολυρραθμοσύνη
446 3837 557 3921 dispiter
572 3849 702 3923 κοσμίως.

99 3929 151 3984 Τοῦ
168 3927 200 3984 δὲ
214 3931 268 3984 aet
284 3934 420 4006 στόματος
433 3930 625 3990 καταλείὸετοιι
640 3937 721 4013 ὑγρὸν
737 3935 830 3994 ἔλαιον
850 3921 852 3926 ⁸

61 4020 86 4066 fl
135 4015 197 4087 ἦκα
213 4017 290 4094 μάλα
303 4022 433 4098 προχέον,
451 4019 579 4098 άρθονον,
592 4020 744 4093 ήδύπλεον.

400 4445 458 4495 283.
478 4461 564 4497 aaran.

97 4537 210 4586 lflumen
224 4543 275 4586 tuae
288 4534 468 4587 dulcissimum
482 4538 647 4603 eloquentiae,

97 4620 227 4670 moriente
239 4628 274 4680 te,
288 4620 396 4679 Basilia,
412 4622 481 4672 haud
496 4623 574 4687 plane
588 4623 697 4674 exaruit.

98 4704 167 4754 Nam
178 4711 266 4753 mente
279 4702 362 4753 frater
373 4703 446 4768 vigili
458 4713 610 4756 arescentes
624 4721 706 4772 aquae

97 4787 214 4847 adauxit,
230 4793 302 4837 ortus
314 4787 400 4837 amnis
412 4803 426 4838 e
440 4789 543 4853 gurgite
555 4787 593 4838 tui

97 4871 169 4921 rivus
187 4886 193 4920 ι
210 4885 265 4920 auae
278 4869 322 4936 qui
334 4871 462 4922 orationis
475 4871 578 4922 alveum

97 4952 129 5003 de
142 4951 260 5003 fontibus
272 4961 323 5004 tuae
337 4953 425 5004 hausit
439 4955 604 5020 eloquentiae.
668 4974 689 5008 a.
708 4973 863 5010 ττνννοοιν.

392 5049 449 5100 285.
468 5063 579 5100 uranum.

334 5141 374 5190 De
386 5144 476 5190 sancto
492 5141 623 5207 Gregorio.

98 5230 245 5297 Gregorius
256 5231 338 5283 frater
349 5231 439 5297 magni
450 5233 522 5284 illius
534 5234 626 5285 Basilii

207 5349 378 5391 minotauri
397 5350 439 5390 111.

1615 443 1670 500 337

911 576 986 634 vultu
994 577 1140 634 assimilem
1150 576 1251 634 Gratiis
1258 574 1674 649 candidas-genas-habentibus,

910 673 1069 742 statumque
1085 665 1320 730 altecomuntibus
1336 664 1512 722 assimilatam
1525 667 1674 740 cupressis,
1772 681 1775 691 ’

908 753 983 810 faxis
995 753 1022 810 in
1034 772 1120 812 annos
1133 753 1289 810 innumeros
1301 751 1519 825 simul-regnare.

1204 913 1266 968 282.
1286 919 1387 962 aurun.

910 1045 963 1113 Qui
975 1048 1256 1121 purpureo-flore-est
1268 1053 1297 1102 et
1311 1045 1525 1118 semper-virens
1541 1062 1634 1102 ramus

910 1150 962 1189 avo
975 1141 1052 1191 ortus
1066 1135 1189 1208 principe
1202 1151 1237 1190 ex
1251 1133 1406 1190 Andronico

911 1239 926 1278 e
940 1222 1117 1280 fundamento
1129 1221 1246 1279 aedificat
1259 1220 1356 1278 turrim
1370 1237 1477 1288 novam,

910 1318 939 1367 et
949 1313 1096 1368 resuscitat
1110 1312 1263 1385 projectam
1279 1308 1355 1364 humi

911 1398 1233 1456 Ponticam-Heracleam
1247 1397 1416 1471 pulcra-arte
1428 1402 1524 1452 totam.

1201 1583 1263 1636 283.
1283 1589 1384 1635 inrue.

1134 1689 1163 1738 lu
1177 1705 1302 1755 magnum
1314 1691 1450 1742 Basiliam.

909 1823 967 1879 Etsi
977 1822 1284 1898 tuummellitaa-lingua
1293 1827 1506 1884 steteritflumen
1515 1825 1677 1894 intransitu,

909 1917 997 1966 morte
1012 1909 1093 1966 eitius
1108 1927 1185 1982 aquo
1199 1917 1226 1967 te
1240 1913 1375 1986 rapiente,

910 1998 1007 2054 saltem
1020 1997 1095 2071 qued
1109 2006 1152 2055 est
1165 1998 1299 2073 reliquum
1315 2001 1409 2058 fluenti
1421 2001 1638 2075 superfunditur,

910 2085 1028 2159 vigilans
1039 2103 1127 2154 mens,
1143 2104 1177 2142 ex
1190 2095 1217 2144 te
1230 2087 1301 2145 sicut
1314 2089 1403 2146 denuo
1569 2090 1677 2163 [lorum‚

912 2174 1047 2248 irrigatio,
1059 2175 1158 2232 etenim
1178 2182 1288 2232 tuorum
1306 2177 1352 2234 illa
1365 2185 1408 2235 est
1420 2180 1450 2252 (ι’.
1464 2196 1487 2236 e.
1500 2179 1588 2252 mens)
1603 2196 1679 2235 oscu-

912 2281 927 2320 e
942 2264 1042 2338 quibus
1056 2264 1168 2338 impleta
1182 2273 1235 2335 est,
1250 2266 1382 2326 allusione
1397 2276 1508 2341 recepta
1521 2267 1617 2326 Verbi.

1128 2461 1192 2516 284.
1213 2458 1429 2516 GEOMETRAE.

1099 2577 1129 2625 ln
1143 2574 1287 2640 imaginem
1301 2573 1489 2637 Chrysostonai.

913 2713 973 2770 Tibi
987 2711 1088 2770 viventi
1103 2718 1185 2768 antea
1198 2711 1312 2785 spiritus
1326 2711 1422 2768 aderat
1436 2709 1520 2776 solus,

914 2803 1024 2878 depicto
1037 2809 1128 2859 autem
1142 2818 1216 2858 nune
1230 2801 1344 2875 spiritus
1356 2801 1435 2858 deest
1449 2799 1533 2856 selus.

1184 2997 1245 3052 285.
1266 2995 1415 3052 NICETAE.

1126 3109 1156 3158 ln
1170 3115 1289 3158 sanctum
1304 3109 1469 3174 Gregorium.

917 3245 999 3300 Liber
1012 3261 1064 3318 ego
1077 3243 1148 3300 illius
1163 3243 1209 3317 qui
1222 3243 1308 3300 frater
1321 3243 1373 3300 fuit
1386 3243 1479 3316 magni
1493 3244 1596 3311 Basilii,

951 3330 1078 3406 Gregorii
1091 3348 1151 3387 sum
1166 3331 1213 3404 qui
1225 3331 1318 3404 attigit
1331 3331 1475 3387 terminum
1490 3331 1603 3404 ingenii.

916 3420 1000 3494 Cujus
1011 3419 1081 3477 enim
1093 3419 1219 3494 protinus
1231 3427 1294 3494 pest
1306 3419 1411 3476 lethum
1420 3419 1682 3492 longum-somnum·
1701 3442 1704 3447 ·

1543 3507 1680 3580 [afferens
1791 3561 1801 3584 ρ

952 3582 1040 3669 qualis
1055 3595 1152 3669 auriga
1166 3595 1277 3669 quidam
1291 3594 1434 3668 quadrigis
1449 3595 1590 3668 sapientiae

915 3685 976 3758 ipse
990 3683 1130 3751 insistens,
1144 3691 1254 3740 evectus
1269 3691 1312 3739 est
1323 3684 1487 3740 deo-similis
1501 3684 1552 3750 vir,

951 3772 1000 3828 ubi
1014 3778 1042 3828 et
1053 3771 1175 3846 implevit
1186 3771 1255 3827 fines
1269 3771 1439 3846 eloquentia.

917 3860 1040 3918 Callebat
1047 3860 1118 3916 enim
1127 3858 1246 3915 hominis
1260 3859 1448 3916 formationem
1462 3866 1682 3932 structuramque

952 3947 1214 4022 magna-prudentia
1227 3964 1278 4003 sua
1289 3947 1447 4021 perquirere
1464 3947 1525 4004 rite.

917 4036 1002 4110 Cujus
1010 4037 1081 4092 enim
1092 4037 1127 4093 ab
1135 4053 1182 4092 ore
1190 4036 1541 4109 destillatliquiduruoleum
1551 4035 1681 4109 [plenum.

952 4124 1050 4181 leniter
1060 4124 1137 4181 valde
1147 4141 1202 4182 sese
1219 4125 1371 4192 effundens,
1383 4125 1535 4193 abundans,
1548 4124 1683 4180 suavitate

949 4453 1019 4502 huuc
1031 4451 1127 4502 librum
1141 4451 1241 4502 eximiae
1255 4450 1373 4502 condidit
1384 4453 1449 4502 artis
1463 4467 1537 4518 opus.

917 4537 986 4587 Nam
997 4551 1057 4586 cum
1067 4535 1193 4586 doctrinae
1205 4551 1319 4592 currum.
1334 4541 1394 4601 post
1404 4537 1497 4586 funera
1508 4535 1607 4593 fratris,

951 4617 995 4684 qui
1006 4618 1187 4668 moderaretur
1198 4617 1287 4668 nullus
1297 4617 1325 4668 in
1337 4619 1401 4668 erbe
1414 4617 1490 4678 foret,

918 4699 1061 4766 Gregorius
1075 4715 1171 4766 magno
1185 4701 1327 4752 succedens
1342 4701 1456 4765 pecteris
1468 4717 1535 4753 ausu

951 4786 1061 4851 perfecit
1071 4784 1181 4852 propria
1193 4783 1283 4835 fratris
1294 4785 1328 4834 ab
1341 4790 1397 4834 arte
1408 4783 1514 4844 librum,

918 4869 1034 4920 suaviter
1046 4883 1202 4919 enumerans
1214 4866 1265 4918 isto
1279 4882 1400 4924 sermone
1415 4865 1514 4918 diserto

951 4952 1134 5002 admirandum
1145 4950 1260 5002 hominia
1274 4950 1376 5002 fabrica
1387 4949 1512 5016 quidquid
1527 4953 1612 5004 habet,

919 5036 1019 5100 Nempe
1033 5034 1085 5085 olei
1097 5035 1186 5099 largus
1200 5041 1326 5099 tanquam
1337 5033 1370 5084 de
1383 5033 1454 5084 fonte
1469 5035 1578 5100 perenni

952 5118 1022 5170 rivus
1036 5117 1141 5170 facundi
1156 5117 1239 5168 stillat
1252 5119 1285 5169 ab
1297 5132 1343 5168 ere
1355 5116 1413 5169 riri.

1491 5227 1513 5262 J·
1528 5227 1681 5262 mertctav.

1509 5337 1544 5390 22
