3858 6018
246 425 303 484 268

247 572 298 622 quo
310 556 379 622 quod
391 555 457 606 dixit
468 557 591 615 Jacobs,
608 577 620 602 ιι
635 556 662 606 in
673 571 748 620 quem
761 556 887 620 scriptum
898 557 942 614 sit,
952 573 1011 606 cum

247 621 352 688 plurimi
359 621 558 686 hujusnominis
569 623 772 684 luerint,inutile
782 623 849 672 duco
856 621 988 688 inquirere
997 641 1010 668 ν

247 691 279 740 de
294 694 385 739 nostra
399 687 476 738 lateri
492 703 640 752 possumus.
655 716 689 726 -
706 689 737 737 V.
755 691 780 746 4,
794 687 863 753 lapis
878 691 1011 739 ιὺοεὸοιίων

247 775 272 806 αι
281 770 363 870 5151ιῖ5,
371 760 480 870 qtheeq'e
490 756 520 869 ¹flt
531 753 557 803 in
566 754 648 869 tigulia
658 754 736 870 bqqu
744 754 870 820 regionis.
880 783 910 792 -
924 757 946 804 ΙΙ
958 755 1011 805 iere

248 837 300 872 saec
329 836 379 878 1‚u
430 835 764 885 aieroquiemvreur.

281 953 360 1004 DLV.
384 951 512 1002 Sardibus
536 959 678 1016 repertum,
693 953 734 1002 ed.
753 955 832 1018 Spon.
854 955 914 1004 liin.
928 960 947 1002 t.
967 955 1011 1002 ΙΙΙ.

249 1020 278 1069 Ρ.
296 1019 316 1076 Ι,
331 1033 354 1082 p.
370 1020 432 1078 lli,
448 1047 478 1055 -
493 1019 590 1068 Postea
604 1019 759 1068 Welckerus
776 1019 803 1068 in
817 1021 904 1069 Museo
919 1019 1012 1084 plrilal.

250 1085 328 1135 alen.
345 1091 364 1135 t.
378 1085 399 1141 1,
413 1101 439 1148 p.
463 1085 520 1142 187,
533 1092 559 1134 81
572 1085 682 1134 Boeckh.
699 1086 728 1134 C.
744 1087 822 1136 inser.
837 1102 877 1151 qr.
892 1088 966 1135 3419.
982 1114 1012 1122 -

249 1151 294 1200 Vs.
323 1153 346 1199 1.
373 1149 545 1215 Supplererat
570 1151 711 1201 Baeclihius
741 1152 791 1201 τόδ’
818 1151 867 1211 ἀεὶ,
898 1151 1014 1202 Kaibelii

248 1217 457 1267 emendationem
465 1215 622 1281 recepimus.
631 1245 660 1256 -
676 1217 822 1267 Ἀτέλεστον
833 1218 907 1268 estin
916 1217 1012 1284 lapide,

248 1302 318 1352 male
325 1307 453 1350 mutatum
461 1300 487 1349 in
498 1302 638 1350 ἀτέλευτον.
651 1331 680 1339 -
693 1302 739 1352 Vs.
752 1304 775 1352 2.
785 1301 853 1368 lapis
864 1287 1011 1381 ³01(an

249 1399 330 1464 Spon.
350 1383 448 1468 Eoi),
464 1397 576 1448 correxit
587 1397 739 1460 Kaibelius;
751 1427 781 1436 —
793 1399 957 1462 reinceptum
970 1398 1015 1448 de-

250 1477 336 1528 dimus
346 1478 415 1541 quod
426 1476 504 1528 etiam
518 1485 558 1527 est
570 1477 597 1527 in
609 1479 634 1527 la
655 1478 711 1539 ide;
725 1477 855 1528 Welclxer.
869 1483 1016 1526 mutaverat

250 1545 276 1593 in
285 1545 469 1606 πονοσαμένου.
484 1565 496 1590 ιι
512 1493 665 1608 Sepulcraie
677 1559 797 1594 nonesse
807 1543 892 1608 epigr.
908 1557 1014 1608 persua-

251 1625 307 1660 sum
320 1611 436 1659 habeo...
457 1610 567 1660 Videtur
583 1609 686 1660 initium
701 1625 758 1660 esse
772 1609 908 1674 amplioris
922 1609 1016 1659 carmi·

250 1675 291 1725 nis
315 1675 341 1724 in
364 1675 469 1725 aedilicii
490 1675 601 1740 alicujus
619 1675 740 1740 epistylio
758 1674 859 1740 scripti.
885 1695 898 1720 ο
923 1677 954 1725 G.
980 1676 1013 1724 K.

249 1741 434 1856 lPeyssonelins
455 1741 513 1808 jam
536 1743 639 1792 dixerat
657 1743 762 1792 titulum
778 1743 847 1792 hunc
864 1757 921 1791 esse
940 1740 1016 1791 muti-

260 1823 313 1858 nm.

282 1939 373 1990 DLVI.
398 1941 530 1990 Messana.
556 1940 605 1998 Qui
629 1941 776 2002 ediderunt,
798 1955 843 1990 eos
867 1939 924 1988 vide
947 1939 1016 2003 apud

251 2003 391 2056 Franzinm
425 2007 519 2070 (Carp.
558 2009 637 2056 iasar.
670 2023 712 2072 qr.
753 2017 772 2055 t.
809 2007 854 2066 ΙΙΙ,
891 2021 917 2070 p.
953 2007 1016 2062 921,

250 2087 276 2122 n.
305 2072 389 2132 5929),
417 2087 527 2136 quorum
553 2081 613 2122 sunt
636 2073 691 2122 fere
713 2073 762 2122 toti
782 2087 835 2122 sss.
858 2073 908 2122 3-5.
934 2091 946 2116 ιι
972 2071 1017 2120 Ju-

251 2137 339 2188 niores
362 2137 479 2200 Cyziceni
501 2154 580 2203 quum
599 2139 626 2187 in
648 2139 715 2190 freto
738 2137 837 2197 Siculo,
856 2145 884 2187 ut
904 2135 1015 2197 videtur,

251 2202 418 2268 naufragium
433 2205 568 2260 iecissent,
584 2204 707 2254 Aurelius
727 2205 867 2268 Eutyches,
886 2203 912 2253 ni
929 2203 1017 2260 fallor,

251 2267 398 2320 Messenius
420 2286 510 2320 eorum
532 2271 661 2320 cadavera
682 2271 797 2334 collegit,
820 2269 904 2334 iisque
927 2284 1018 2318 monu-

251 2343 369 2386 mentum
385 2336 472 2400 posuit
487 2352 493 2384 :
514 2351 560 2400 pro
573 2351 624 2400 quo
636 2337 764 2387 beneflcio
779 2343 882 2402 gratum
897 2334 975 2385 etiam
990 2334 1016 2383 in

252 2401 320 2451 Orco
347 2403 464 2452 animum
494 2403 658 2467 profitentur.
688 2404 818 2466 Eutyches
844 2401 925 2466 igitur
951 2400 1016 2450 illud

251 2469 325 2518 καλὸν
346 2469 423 2532 ὄνομα
441 2475 482 2516 881
499 2483 549 2532 quo
571 2468 660 2519 dicunt
678 2467 767 2518 ornari
786 2468 903 2534 ipsorum
926 2482 1016 2516 monu-

204 2553 208 2562 ·
253 2540 379 2585 mentum.
400 2555 411 2576 ο
431 2535 476 2582 Fr.
500 2563 529 2571 -
551 2534 646 2583 Censet
668 2534 805 2584 Kaibelins
825 2535 861 2597 (a.
880 2534 938 2594 843)
961 2548 1016 2582 mu-

253 2599 329 2648 tilum
351 2615 409 2650 esse
433 2599 502 2648 hunc
524 2599 637 2657 titulum,
657 2621 669 2646 ιι
694 2599 857 2676 alterumque
876 2598 1016 2656 distichon,

253 2679 304 2728 quo
317 2667 404 2716 obitus
414 2663 539 2730 juvenum
553 2665 728 2730 Eutychisque
743 2665 866 2716 auxilinm
879 2666 1019 2714 enarraba-

253 2739 304 2790 tur,
322 2733 443 2797 periisse,
457 2738 535 2796 atque
551 2731 576 2779 id
591 2733 660 2782 male
678 2731 757 2782 simul
768 2748 827 2782 cum
844 2729 1019 2795 insequentia

252 2797 363 2911 qunzio
378 2798 505 2848 relectum
520 2812 588 2847 esse.
609 2799 704 2848 Totum
722 2797 779 2863 ipss
796 2797 960 2863 epigramma
981 2796 1019 2845 sic

253 2862 375 2915 exibet:

254 2954 361 3014 Κύζικος
371 2951 400 3017 ἦν
413 2957 456 3020 μία
468 2961 528 3006 πᾶσι
539 2957 626 3022 πατρὶς
637 2957 678 3007 οιαὶ
693 2957 768 3021 μοῖρα
780 2955 806 3006 δὲ
817 2957 910 3014 πάντας

286 3022 376 3073 disces
388 3023 495 3085 ἠϊθέους,
509 3019 529 3072 ὦ
543 3023 673 3088 aspediae,
688 3024 739 3086 μία.

254 3223 360 3286 σώματα
371 3222 402 3286 δ’]
415 3221 489 3276 αὐτὸς
499 3220 572 3287 igidi
586 3222 713 3286 ὶμόθηοτν
726 3221 768 3271 itai
782 3222 844 3285 [τάδ’
857 3223 893 3272 ἐπ’
908 3225 992 3281 αὐτοῖς

287 3285 355 3344 riuis
366 3287 465 3352 λυγροῖς
475 3287 609 3352 [daapdleic
623 3287 760 3352 [μνή1ματα
775 3287 931 3354 μυρόμενοῂ,

255 3347 283 3407 οὖ
295 3357 324 3404 τὸ
336 3354 410 3404 καλὸν
422 3355 511 3416 κοσμεῖ
524 3357 695 3419 πιριιιείμονον
711 3355 806 3418 οὔνομα
817 3355 935 3416 mudena,

287 3411 316 3470 οὗ
328 3420 419 3482 γλυκύς
430 3420 481 3468 aee·
493 3421 551 3482 ἡμῖν
562 3422 609 3470 κὰν
620 3422 770 3484 φθιμένοισιν
782 3419 854 3486 ἔρως.

288 3560 391 3610 DLVll.
417 3559 547 3624 Pergami.
575 3559 731 3625 Anaglypho
764 3560 838 3610 canis
863 3562 1020 3627 exsculptus.

254 3629 314 3676 Jam
337 3625 466 3690 aSponio
485 3625 583 3674 editum
602 3626 651 3675 hoc
665 3625 750 3692 epigr.
769 3627 899 3690 repetiere
911 3629 1020 3677 Boeclrh.

257 3693 334 3758 Carp.
350 3707 376 3740 n.
394 3693 458 3740 3559
471 3697 497 3740 81
509 3691 593 3740 Lebas
606 3699 632 3742 et
645 3691 836 3756 Waddington,
850 3695 930 3743 lnscr.
941 3709 983 3759 pr.
998 3699 1023 3744 et

257 3759 303 3808 lat.
325 3758 355 3807 P.
374 3759 407 3807 V.
423 3757 482 3807 daie
496 3759 561 3807 Min.
579 3764 599 3808 t.
616 3757 660 3820 Vl,
681 3759 773 3820 Mysia,
796 3760 820 3819 5,
838 3759 943 3809 Kaibel.
964 3762 1021 3809 322.

259 3827 381 3888 Pergam.
402 3839 427 3872 n.
453 3825 524 3872 4944.
542 3851 572 3860 -
594 3825 639 3872 418.
663 3826 687 3872 2.
712 3824 793 3890 Spon.
814 3825 1021 3886 5545918985.

257 3893 319 3952 ῑηιιοι
340 3889 425 3952 φόνον.
448 3917 478 3926 ·-
498 3888 536 3938 Cl.
560 3887 612 3938 alia
630 3891 754 3938 nonnulla
773 3905 867 3940 canum
888 3891 1023 3957 epitaphia

257 3971 315 4021 quae
338 3969 418 4020 supra
438 3971 482 4003 nn.
504 3955 561 4014 154,
585 3957 642 4014 224,
663 3957 721 4014 294,
743 3959 801 4016 345,
822 3957 867 4006 381
893 3957 1021 4016 dedimus,

257 4037 367 4086 querum
380 4020 493 4085 primum
505 4021 538 4070 ab
554 4021 637 4085 Anyto
652 4021 779 4086 scriptum
795 4029 843 4071 est.

290 4153 406 4203 DLVIII.
420 4152 449 4201 ln
463 4151 578 4215 Basyalr,
596 4152 707 4203 Galatiae
721 4153 789 4203 vico.
803 4155 841 4204 Ex
854 4153 958 4204 schedis
974 4155 1024 4204 Bu·

258 4217 409 4284 besquianis
428 4223 454 4267 et
472 4217 603 4267 Beleianis
626 4219 724 4270 editum
742 4219 769 4269 in
790 4221 867 4296 Carp.
881 4221 960 4272 inser.
981 4237 1023 4286 qr.

257 4303 284 4336 n.
305 4287 380 4345 4432,
399 4283 506 4348 repetiit
519 4285 550 4332 G.
564 4282 669 4336 Kaibel.
685 4302 712 4334 n.
728 4288 785 4345 495,
802 4301 846 4351 qui
868 4286 1023 4336 omniafere

258 4351 373 4402 restituit
386 4359 432 4400 aut
446 4349 602 4399 emendavit.

290 4483 381 4535 DLIX.
402 4483 430 4531 ln
448 4481 505 4530 vico
525 4480 637 4530 Turcico
661 4483 789 4548 lainajil,
810 4499 862 4533 non
884 4484 987 4548 longius
1009 4500 1025 4534 a

260 4549 351 4614 Cyzico
371 4563 449 4613 quam
470 4547 631 4611 sesquihorae
650 4546 743 4598 itinere
761 4549 874 4599 distante
892 4559 1024 4614 repertum

259 4613 462 4666 communicavit
472 4612 595 4663 Lemnius
606 4613 712 4679 Syllogo
726 4616 891 4680 Philologico
900 4617 1025 4666 Constan-

261 4683 342 4747 tinop.
357 4697 373 4730 a
384 4695 435 4745 quo
451 4679 549 4730 editum
567 4679 646 4730 estin
660 4681 711 4730 line
726 4688 745 4730 t.
763 4681 823 4732 Vlll
840 4683 970 4747 (iaia-it)
985 4701 1025 4732 τι-

262 4745 368 4816 ριοδιιιοῦ
387 4747 580 4810 ουγγράμματοι
593 4746 637 4810 (54.
650 4745 713 4797 ibid.
725 4763 751 4812 p.
770 4749 837 4810 ill),
857 4747 902 4797 ubi
920 4756 1026 4798 notatur

261 4829 328 4864 nunc
341 4827 400 4862 esse
415 4811 515 4876 Syllogi
530 4827 646 4862 marmor
662 4813 748 4878 ipsum
767 4814 792 4863 in
805 4829 856 4878 quo
867 4815 1024 4878 insculptum

260 4889 301 4930 est
313 4879 486 4944 epigramma.
502 4879 659 4942 Anaglypho
670 4878 765 4928 mulier
784 4881 878 4930 sedens
892 4895 1024 4946 expressa,

260 4949 332 5014 juxta
355 4958 432 5008 quam
454 4959 511 5008 quae
533 4945 617 4994 altera
639 4945 687 4994 suit
709 4961 836 5010 persona,
857 4945 942 5010 periit.
966 4947 1026 4997 Jam

270 5019 359 5072 notum
376 5009 521 5060 Maeandria
537 5009 654 5060 mulieris
676 5027 772 5061 nomen
792 5029 822 5062 ex
840 5013 971 5062 Trallensi
987 5013 1025 5063 in·

261 5075 406 5142 scriptione
420 5090 462 5140 ap.
480 5077 588 5126 Boeclh.
608 5077 684 5142 Carp.
705 5083 723 5126 t.
744 5079 777 5138 ll,
796 5095 821 5142 p.
837 5081 893 5138 594,
911 5095 936 5128 n.
952 5081 1025 5129 2949.

263 5170 292 5181 -
309 5143 357 5192 Vs.
372 5144 395 5189 4.
412 5141 506 5190 -Hic
525 5143 586 5207 τύχη
603 5143 695 5192 eadem
710 5159 767 5192 esse
782 5159 813 5193 ac
827 5147 868 5206 pot
885 5163 900 5194 α
916 5145 1025 5195 videtur.

264 5235 294 5248 -
317 5209 364 5258 Vs.
394 5209 419 5255 7.
446 5207 573 5272 Loquitur
597 5209 654 5272 ipsa
682 5209 836 5259 Maeandria.
862 5163 887 5260 1.
914 5211 1027 5276 Milling,

263 5274 362 5340 Syllae.
376 5273 463 5324 Consi.
479 5273 542 5323 ibid.
555 5275 710 5334 ιταυοιτόνω,
722 5275 819 5334 dorice,
832 5285 860 5326 ut
874 5277 983 5326 videtur.
998 5305 1027 5316 -

700 423 958 486 ANTllOLOGlAE
979 425 1130 486 GRAECAE
1149 427 1375 488 APPENDlClS

1066 559 1151 623 Supra
1172 561 1298 624 scriptum
1321 568 1361 610 est
1384 563 1536 629 Μοιανδρῖητ
1554 564 1597 622 τῆς
1619 565 1736 628 Βακχίου,
1762 563 1782 614 i.
1810 579 1836 614 e.

1065 626 1216 676 Maeandrius
1226 627 1334 676 Bacchii
1349 629 1449 691 (uaeris
1461 628 1628 694 sepulcrum).

1099 766 1177 817 DLX.
1197 768 1285 833 Cyzici
1303 775 1435 832 repertum
1452 767 1612 834 missumque
1629 785 1646 819 a
1660 786 1685 819 v.
1704 771 1737 820 cl.
1753 771 1838 820 Cass·

1066 833 1136 882 bella
1146 849 1170 882 v.
1184 835 1221 883 cl.
1238 835 1334 898 Georg.
1347 835 1472 884 Perrotus
1485 834 1567 885 edidit
1579 835 1606 885 in
1618 837 1700 886 lienus
1714 833 1837 887 arcbdal.

1067 906 1086 948 t.
1103 901 1144 958 34,
1169 915 1195 964 p.
1213 901 1260 950 354
1275 914 1333 964 sqq,
1357 915 1439 950 mens.
1458 900 1536 958 maio,
1554 901 1658 967 duplice
1673 909 1754 961 textu,
1776 917 1836 950 me·

1064 963 1175 1028 jusculis
1190 971 1217 1014 et
1232 964 1377 1016 minoribus
1392 965 1497 1026 litteris,
1518 983 1577 1016 cum
1595 967 1836 1018 animadversioni·

1068 1034 1115 1079 lats
1134 1037 1160 1080 et
1179 1031 1276 1095 gallica
1293 1032 1421 1082 versione.
1442 1060 1474 1070 -
1494 1034 1541 1082 Vs.
1567 1035 1581 1082 5
1600 1034 1836 1084 mendosissimum

1068 1096 1149 1155 dedit,
1167 1097 1330 1162 quadratarii
1348 1099 1435 1162 culpa,
1457 1113 1527 1160 reor,
1549 1115 1627 1164 quem
1645 1099 1774 1150 facillime
1795 1115 1838 1148 re-

1068 1161 1209 1222 stituimus,
1228 1163 1394 1229 paucissimis
1414 1164 1511 1215 additis
1524 1165 1628 1215 litteris.
1649 1166 1738 1230 Lapis,
1760 1174 1792 1215 ut
1804 1165 1839 1214 ri·

1068 1247 1154 1308 astur,
1192 1249 1305 1299 sassi:
1338 1229 1839 1323 ΑΛΛΑΝνΜῲιιειΜετεν-

1068 1325 1465 1424 Σ1ΕΒΙΕΣΙΚΑΘΗΤΑΙ.
1483 1346 1542 1395 ἀλλὰ
1563 1346 1671 1421 υύμφῃὰι
1690 1346 1742 1409 μετ’
1765 1347 1838 1396 εὐσε-

1069 1425 1122 1474 etet
1135 1425 1248 1484 καθῆται.
1264 1425 1295 1474 G.
1309 1425 1414 1474 Kaibel.
1429 1425 1518 1490 Epigr.
1530 1441 1571 1490 pr.
1585 1433 1635 1476 etc.
1649 1443 1674 1475 n.
1689 1427 1736 1476 338
1755 1442 1761 1474 :
1776 1426 1839 1475 aaa

1067 1509 1097 1539 νυ
1114 1491 1319 1554 μ[1ν]νύμ]φῃοι.

1103 1623 1193 1672 DLXI.
1207 1623 1370 1674 Marmoreus
1385 1621 1487 1688 cippus,
1501 1624 1528 1673 in
1537 1623 1628 1674 Museo
1637 1625 1696 1674 Soc.
1708 1625 1837 1674 archaeol.
1912 1623 1913 1642 ³

1070 1689 1165 1739 allatus
1173 1705 1203 1738 ex
1211 1705 1256 1740 ora
1264 1689 1365 1754 aeolica,
1374 1690 1486 1740 sortasse
1497 1691 1575 1754 Cyme
1583 1690 1775 1755 sivemgiln's.
1785 1691 1839 1739 Μο-

1069 1755 1229 1806 notabericltt
1238 1757 1285 1806 der
1296 1755 1611 1822 ldniplicbpreassiscbcn
1623 1755 1705 1806 Acad.
1713 1755 1762 1807 der
1773 1757 1839 1804 Wis-

1070 1821 1234 1884 seaecbasten
1245 1837 1279 1872 aa
1290 1823 1389 1872 Berlin.
1403 1823 1513 1872 ianuar.
1526 1822 1600 1880 1815,
1612 1837 1639 1886 p.
1651 1824 1675 1872 9.
1692 1823 1731 1873 lix
1740 1837 1836 1887 apogr.

1071 1889 1174 1938 Betant.
1192 1888 1261 1952 quod
1279 1886 1480 1938 communicarit
1491 1903 1517 1936 v.
1532 1888 1566 1938 cl.
1585 1889 1687 1938 Renan.
1707 1889 1839 1938 dederunt
1914 1921 1915 1954 ι

1071 1969 1173 2019 quoque
1189 1955 1274 2004 Lebas
1289 1962 1315 2004 et
1326 1953 1515 2018 Waddington.
1531 1955 1663 2019 inscripti.
1680 1971 1706 2004 n.
1726 1956 1791 2004 1559
1809 1969 1837 2003 a.
1914 1971 1915 2016 i

1071 2048 1102 2058 -
1116 2021 1162 2070 418.
1179 2021 1203 2069 3.
1219 2020 1315 2070 Wadd.
1330 2022 1420 2083 Μήτηρ
1436 2021 1457 2070 δ’
1470 2023 1496 2078 ἡ.
1512 2021 1559 2070 418.
1573 2021 1597 2068 4.
1611 2019 1647 2069 id.
1661 2021 1747 2078 aliisi,
1760 2029 1790 2069 ut
1811 2019 1839 2068 in

1070 2103 1158 2170 lapide
1181 2097 1342 2158 ΑΙΑΞΕΙ.
1363 2103 1441 2154 Dedit
1459 2103 1539 2154 etiam
1552 2105 1583 2153 G.
1602 2104 1706 2154 Kaibel.
1727 2120 1770 2170 op.
1791 2103 1837 2153 cit
1915 2135 1916 2168 ,

1070 2200 1096 2234 n.
1111 2185 1170 2234 239.
1915 2189 1916 2192 ’

1103 2317 1206 2367 DLXll.
1216 2315 1371 2368 Philomelii.
1386 2317 1451 2366 Post
1465 2317 1610 2366 Hemilton.
1629 2315 1765 2365 Researclt.
1784 2319 1838 2365 etc.
1916 2322 1917 2356 1

1070 2399 1096 2432 n.
1112 2385 1169 2433 379.
1186 2383 1294 2434 Boecklr.
1318 2383 1395 2448 Carp.
1414 2383 1489 2442 3982,
1509 2383 1553 2447 qui
1574 2381 1646 2432 dedit
1663 2397 1693 2429 ex
1706 2381 1795 2445 lapide
1811 2382 1838 2430 in

1071 2449 1118 2498 ult.
1138 2465 1177 2498 vs.
1198 2451 1306 2514 λάχττιιι,
1323 2449 1391 2513 quod
1409 2463 1489 2512 quum
1503 2464 1551 2514 pro
1569 2447 1735 2497 barbarismo
1757 2449 1839 2498 babe-

1072 2522 1121 2574 ret,
1130 2514 1244 2580 conjecit
1253 2516 1358 2580 λοχέοιο,
1368 2515 1436 2579 quod
1451 2515 1607 2579 recepimus.
1624 2514 1840 2578 —Epigramma
1917 2544 1918 2562 ι

1072 2580 1220 2645 quindecim
1241 2581 1361 2632 versibus
1385 2582 1532 2641 constabat,
1548 2596 1579 2630 ex
1597 2579 1691 2644 quibus
1713 2577 1734 2629 ii
1758 2580 1839 2630 moda

1072 2646 1137 2696 certi
1152 2655 1221 2708 sunt,
1236 2662 1302 2712 quos
1316 2646 1445 2697 dedimus.

1105 2779 1221 2830 DLXlll.
1246 2780 1356 2846 Ancyra
1377 2779 1403 2829 in
1422 2794 1491 2830 arce.
1513 2778 1578 2828 Paul
1594 2777 1687 2828 Lucas.
1710 2779 1772 2827 ltin.
1794 2777 1839 2826 Aa.
1918 2769 1919 2776 ’

1075 2848 1149 2904 alin..
1167 2852 1218 2896 etc.
1235 2852 1255 2895 t.
1275 2847 1296 2907 l,
1317 2862 1343 2911 p.
1360 2848 1417 2895 394.
1435 2861 1462 2894 n.
1483 2846 1524 2904 28,
1545 2843 1697 2893 Montelalc.
1711 2844 1839 2908 Palaaqr.

1072 2929 1114 2977 qr.
1135 2928 1161 2977 p.
1184 2913 1242 2968 184,
1263 2928 1288 2960 n.
1313 2914 1337 2973 9,
1362 2911 1529 2967 Tourneiort,
1551 2912 1612 2959 ltin.
1630 2918 1649 2959 t.
1669 2909 1714 2968 III,
1735 2925 1778 2974 ep.
1797 2911 1838 2961 24.

1074 2995 1100 3043 p.
1116 2979 1172 3038 328,
1191 2976 1250 3027 inde
1268 2979 1382 3028 Bruncli.
1405 2977 1482 3027 Anal.
1501 2977 1545 3035 111,
1561 2993 1586 3040 p.
1604 2979 1662 3036 394,
1677 2991 1703 3025 n.
1718 2976 1776 3034 898,
1795 2975 1841 3025 la·
1919 2990 1920 3014 1

1074 3043 1146 3094 cobs.
1169 3045 1485 3108 (v.Animadd.vol.111.
1504 3043 1534 3092 Ρ.
1550 3043 1582 3100 ΙΙ,
1600 3057 1625 3106 p.
1646 3043 1694 3090 212
1707 3044 1770 3106 sq).
1788 3041 1840 3106 Ap-

1071 3111 1150 3175 pend.
1173 3127 1199 3159 n.
1220 3111 1278 3168 334,
1298 3111 1490 3160 Belin-Franz.
1510 3108 1586 3174 Carp.
1601 3124 1626 3157 n.
1644 3109 1718 3168 4985,
1733 3107 1838 3157 Kaibel.

1074 3193 1100 3226 n.
1126 3178 1183 3227 399.
1205 3204 1236 3214 -
1255 3178 1302 3225 Vs.
1324 3180 1347 3225 l.
1367 3177 1459 3226 aar.
1475 3176 1533 3225 ἔνθα
1548 3189 1596 3239 pro
1611 3177 1679 3225 ὄντα.
1701 3201 1731 3212 -
1749 3175 1795 3224 418.
1816 3174 1839 3222 4.

1075 3275 1105 3310 ex
1128 3275 1221 3325 apogr.
1246 3261 1336 3320 Lucae,
1365 3253 1505 3326 ΑΓςΝΩ,
1532 3257 1600 3307 unde
1621 3264 1744 3307 eruerunt
1766 3256 1841 3308 multi

1075 3341 1164 3406 ᾰγὸνῳ,
1181 3339 1339 3405 conjiciebat
1349 3339 1454 3388 Jacobs.
1467 3338 1544 3402 μόνῳ.

1109 3473 1223 3523 DLXIV.
1238 3473 1357 3522 Amasim
1380 3472 1411 3521 G.
1431 3472 1534 3521 Perrot.
1552 3469 1659 3534 duplar.
1678 3469 1790 3522 55511181.
1811 3471 1842 3521 dc

1077 3539 1102 3589 la
1120 3539 1207 3590 Galat.
1221 3545 1282 3600 etc.,
1299 3545 1318 3588 t.
1338 3539 1359 3598 1,
1375 3553 1401 3602 p.
1418 3539 1476 3589 377.
1493 3566 1522 3574 -
1536 3539 1582 3588 Vs.
1602 3538 1626 3584 2.
1640 3537 1729 3587 Stroh.
1746 3551 1839 3602 apogr.

1077 3607 1156 3656 habet
1182 3606 1225 3664 τῆς
1248 3622 1313 3669 pier,
1343 3603 1447 3654 Perroti
1470 3603 1618 3652 emendatio
1642 3609 1696 3662 est,
1724 3603 1842 3667 ejusdem

1077 3680 1137 3722 sunt
1156 3679 1244 3722 cetera
1259 3671 1451 3736 supplementa.
1473 3691 1484 3714 ιι
1506 3669 1568 3718 Tria
1587 3667 1691 3717 distinxi
1711 3670 1842 3734 epigram-

1077 3745 1157 3794 mata,
1170 3753 1280 3801 quorum
1290 3735 1471 3802 primumcum
1484 3735 1640 3785 conderetur
1646 3743 1842 3784 monumentum

1077 3803 1232 3868 inscriptum
1242 3810 1281 3852 est
1291 3805 1353 3866 (iss.
1363 3803 1423 3866 12).
1436 3801 1546 3852 alterum
1554 3808 1730 3865 postmortem
1744 3802 1843 3850 Cleom-

1078 3869 1146 3919 broti
1161 3868 1208 3919 filii
1218 3871 1280 3933 (vss.
1295 3869 1360 3932 3-6),
1370 3867 1476 3917 tertium
1488 3867 1609 3931 denique,
1620 3875 1649 3915 ut
1660 3865 1723 3915 vitia
1733 3866 1844 3916 metrica

1077 3936 1225 3996 ostendunt,
1252 3935 1333 3984 multo
1354 3933 1484 3999 posterius
1508 3935 1541 3983 ab
1564 3933 1669 3982 homine
1695 3931 1803 3987 inculto.
1829 3951 1841 3976 ι

1079 4002 1108 4051 G.
1124 4003 1157 4052 ΙΙ.
1172 4018 1198 4051 u.
1212 4003 1269 4052 395.

1111 4143 1257 4193 95444115
1275 4155 1368 4206 campo
1387 4156 1468 4205 prope
1483 4141 1662 4204 Sapalassum.
1679 4141 1743 4190 Post
1757 4140 1845 4189 Arun-

1078 4210 1140 4258 ‹lell.
1158 4217 1184 4258 et
1199 4208 1367 4257 Welclrernm
1391 4207 1608 4256 Besalem-Franz.
1626 4205 1703 4282 Carp.
1723 4221 1749 4255 n.
1767 4208 1842 4256 4311,

1077 4276 1140 4326 lnde
1156 4276 1188 4325 G.
1207 4273 1311 4324 Kaibel.
1327 4289 1370 4337 op.
1387 4271 1431 4322 cit.
1447 4288 1473 4321 n.
1492 4274 1539 4322 194
1555 4272 1599 4337 qui
1617 4286 1817 4338 «epigramma,
1833 4298 1840 4312 ι

1078 4341 1124 4401 ait,
1138 4362 1150 4388 ο
1164 4341 1199 4390 141
1214 4340 1310 4390 saeculo
1321 4354 1372 4388 non
1387 4337 1528 4414 antiquius.
1546 4336 1697 4388 »u'litulus
1711 4345 1751 4387 est
1763 4339 1844 4387 hono-

1078 4409 1163 4458 rarius
1180 4406 1300 4470 idemque
1315 4404 1470 4468 sepulcralis
1483 4403 1510 4454 in
1523 4405 1679 4464 Tertullum,
1698 4403 1781 4453 civem
1796 4405 1844 4454 Sa·

1079 4475 1267 4538 gelassensem,
1282 4478 1390 4536 propter
1402 4469 1510 4520 virtutes
1531 4469 1743 4545 opulentiamque
1766 4485 1846 4534 quarn

1079 4537 1226 4604 praesertim
1245 4537 1314 4586 ludis
1333 4535 1507 4598 gladiatorum
1529 4545 1554 4586 et
1575 4536 1758 4586 venationibus
1771 4553 1845 4585 more

1078 4609 1258 4656 Romanorum
1285 4603 1412 4652 institutis
1440 4602 1615 4667 prestiterat,
1634 4602 1806 4651 celebratum.
1834 4623 1844 4643 ν

1079 4671 1202 4722 actu-Fr.
1230 4671 1277 4719 Vs.
1293 4673 1315 4718 l.
1335 4669 1460 4718 Franzius
1479 4667 1609 4734 supplevit
1625 4668 1727 4718 ττὲτττοιτ1
1741 4669 1847 4730 ἀγαυὸν,

1078 4738 1179 4788 4418455.
1204 4737 1270 4786 idas.
1291 4735 1369 4786 lllen.
1392 4736 1412 4796 Ι,
1441 4737 1514 4796 4839,
1538 4751 1564 4800 p.
1588 4735 1645 4784 294.
1668 4733 1757 4796 ἀγλαὸν
1782 4734 1846 4788 ἐστι,

1079 4803 1183 4854 Kaibel.
1196 4803 1251 4869 πρίν
1266 4801 1322 4852 ποτ’
1336 4800 1451 4864 ἀγαστόν.
1470 4830 1498 4838 -
1513 4801 1560 4850 418.
1577 4802 1601 4850 9.
1616 4799 1749 4849 Welckeri
1763 4799 1846 4848 inter·-

1079 4869 1191 4936 pretatio
1206 4879 1254 4919 est.

1112 5013 1226 5062 DLXVl.
1237 5012 1323 5074 Prope
1338 5010 1452 5074 l'eaidje,
1466 5007 1529 5058 olim
1542 5008 1678 5070 Nakoleia,
1691 5009 1718 5056 in
1730 5005 1848 5070 Phrygia

1082 5079 1166 5143 Epict.
1176 5078 1270 5137 Lebas,
1281 5079 1363 5127 lleaac
1377 5075 1408 5126 de
1419 5074 1513 5124 Paitoi.
1527 5075 1547 5128 Ι.
1560 5091 1586 5140 p.
1602 5075 1660 5134 334,
1671 5072 1764 5123 deiude
1782 5073 1846 5136 Vay.

1081 5145 1194 5194 5555151.
1218 5159 1249 5194 en
1269 5143 1348 5194 Grdce
1368 5153 1392 5192 et
1415 5156 1446 5191 en
1467 5141 1665 5202 Asia-Mineare,
1680 5147 1698 5188 t.
1718 5139 1764 5200 ΙΙΙ,
1779 5137 1845 5188 fasc.

1083 5211 1162 5260 inser.
1179 5211 1219 5270 13,
1234 5213 1274 5268 44,
1287 5226 1312 5275 p.
1324 5211 1382 5269 273,
1393 5213 1422 5256 n⁰
1433 5209 1495 5256 1923
1509 5207 1552 5269 (cl.
1567 5207 1652 5256 Lebas
1665 5215 1691 5255 et
1702 5203 1847 5268 Wadding·

1084 5285 1137 5338 ton,
1157 5278 1251 5327 lusca.
1268 5290 1320 5326 rec.
1343 5289 1374 5324 ea
1394 5274 1450 5334 Gr„
1464 5281 1526 5332 etc.,
1545 5273 1576 5322 P.
1596 5273 1630 5331 V,
1648 5273 1707 5322 Acie
1719 5271 1845 5322 auseae.
