3882 6080
329 275 386 333 tta

328 405 517 458 Lacedaemone
531 408 557 458 in
572 408 724 472 quibusdam
742 407 816 457 festis
833 409 993 459 canebantur
1006 410 1087 474 (Plut.

331 473 415 523 instit.
435 475 527 524 Lacon.
547 474 604 532 XV,
622 475 735 538 Lycurg.
754 473 825 536 XXI)
844 475 918 523 etad
942 474 1008 525 alias
1026 490 1087 526 can·

331 538 425 588 tilenas
439 539 471 588 de
496 538 589 603 quibus
606 547 633 587 et
645 539 801 589 Plutarchus
819 540 891 603 (lust.
904 539 999 590 Lacon.
1012 540 1087 606 ibid.)

330 602 397 654 dIcit
411 619 417 654 :
431 604 500 654 obbia
512 603 532 653 δ’
551 606 633 670 ίτερον
658 599 722 667 εἶχεν
743 601 759 664 ἦ
777 604 887 659 ἐπαίνους
905 607 953 654 τῶν
973 613 1089 669 γεννικῶς

330 669 464 729 ίησύντων,
473 670 514 720 καί
526 669 586 735 ὑπὲρ
599 672 642 728 τῆς
652 670 764 736 Σπάρτης
774 665 946 720 ἀποθανόντοιν
957 671 998 720 καί
1011 673 1089 722 εύδαι-

331 733 501 799 μονιζομὲνων.
515 734 574 784 Vid.
590 749 662 800 supr.
678 749 704 784 n.
718 737 758 794 13,
773 735 856 798 ”Apes
866 735 921 786 ποτ’
934 731 1005 798 ἦμες.

361 866 417 915 XII.
438 865 544 916 Athenis
559 865 586 914 in
603 863 668 915 sedis
685 863 831 928 AEseulapii
848 865 985 917 ruderibus
1002 881 1088 930 reper-

329 937 383 980 tum
397 930 478 980 edidit
489 946 513 980 r.
524 931 559 980 cl.
568 931 731 980 Cumanudes
741 931 768 979 in
777 933 903 994 Ἀθηναίῳ,
915 939 935 982 t.
945 933 978 993 V,
988 947 1014 996 p.
1029 931 1086 991 313,

329 995 373 1060 qui
388 995 438 1045 sibi
451 996 553 1046 videtur
565 995 694 1060 reperisse
710 995 810 1061 paeonis
825 997 1087 1062 fragmentumquem

328 1061 356 1110 in
371 1060 520 1126 AEsculapii
540 1062 667 1111 honorem
690 1070 872 1124 composuerat
895 1062 1048 1127 Sophocles,
1062 1071 1087 1110 et

329 1127 360 1174 de
382 1141 434 1190 que
455 1125 630 1176 Philostratus
645 1125 774 1190 (Apellen.
788 1127 868 1191 Tyau.
882 1128 926 1185 III,
944 1130 984 1192 11)
999 1142 1005 1176 :
1022 1130 1045 1176 σί
1062 1128 1087 1176 et

329 1194 337 1251 ί
347 1186 554 1267 ’1νδσὶί,εἰε,ᾖδον
564 1194 637 1255 ᾠδὴν,
647 1192 752 1247 δποῖοςδ
762 1193 839 1242 Παιὰν
851 1195 865 1242 δ
880 1192 924 1242 τού
934 1195 1087 1256 Σοφοκλέους

328 1255 354 1306 δν
374 1259 483 1316 Ἀθήνησι
496 1259 531 1320 τῷ
553 1257 686 1319 Ἀσκληπιῷ
701 1255 809 1324 ᾅδουσιν.
825 1257 962 1322 Sophoclis
977 1259 1086 1308 Paeonas

328 1337 430 1388 quoque
443 1331 630 1372 commemorat
642 1321 747 1382 Suidas,
763 1337 787 1370 r.
804 1325 936 1386 Σοφοκλῆς.

360 1461 429 1510 11111.
447 1461 525 1524 Apud
550 1461 691 1510 Stobseum.
711 1460 764 1510 Tit.
787 1461 844 1522 XX,
866 1464 890 1511 2.
910 1461 977 1510 uude
989 1461 1087 1526 recepit

310 1527 313 1532 '
328 1527 443 1576 Brunclr.
456 1526 482 1574 in
496 1525 573 1576 Auel.
594 1535 613 1574 t.
636 1527 656 1584 1,
674 1541 699 1590 p.
723 1527 780 1584 let,
793 1525 855 1575 edit.
878 1527 1018 1592 Lipsianae.
1032 1535 1050 1577 t.
1064 1528 1086 1587 I,

328 1609 354 1656 p.
373 1593 426 1649 96..
439 1591 545 1640 Jacobs.
563 1591 589 1639 in
607 1590 728 1656 Append.
750 1607 775 1640 n.
796 1594 835 1640 22.
853 1619 881 1630 -
898 1593 943 1642 Vs.
965 1595 989 1642 2.
1007 1591 1085 1657 Vulg.

326 1658 473 1723 χειρότερον,
486 1657 633 1706 emendarit
644 1657 759 1706 Grotius.

358 1787 426 1836 XIV.
442 1787 517 1850 Apud
532 1787 627 1836 Athen.
641 1787 685 1844 IX,
703 1803 728 1850 p.
745 1787 842 1846 36111ς
858 1793 970 1850 quatuor
987 1787 1086 1850 priores

326 1865 417 1902 versus
437 1861 497 1902 eunt
511 1853 579 1916 apud
593 1851 701 1901 Suidam
721 1859 747 1900 et
762 1853 894 1902 Stobsaum
917 1852 944 1902 in
965 1851 1086 1928 Flos-ilep.

327 1917 455 1975 LXXXII,
471 1921 496 1966 3.
516 1919 612 1968 Omnes
635 1917 707 1967 dedit
728 1925 753 1966 et
777 1917 910 1967 transtulit
931 1919 1036 1968 Grotius
1059 1935 1085 1968 m

327 1982 381 2032 suis
392 1999 406 2031 e
417 1983 553 2048 Florilepio
563 1983 702 2032 Stobasano
713 1982 851 2048 excerptis,
864 1999 890 2048 p.
899 1984 995 2034 311.-
1004 1985 1084 2050 Vsu.

326 2048 429 2098 Cantor.
445 2049 492 2098 οὐκ
504 2049 539 2098 lu
550 2047 620 2096 τοῦτ’
631 2049 748 2097 ἐθίλει.-
756 2049 803 2098 Vs.
815 2050 839 2098 3.
858 2069 870 2095 ιι
882 2049 980 2106 τούτοις
988 2050 1084 2099 Athen.

326 2113 394 2177 apud
407 2128 484 2178 quem
495 2113 522 2162 in
537 2113 587 2161 dne
599 2127 689 2163 sersus
704 2120 774 2163 recte
788 2113 885 2178 legitur
899 2107 933 2169 είς
946 2117 960 2164 δ
973 2115 1084 2170 παλαιός.

326 2179 393 2241 quod
408 2179 468 2228 inde
481 2177 623 2243 assumpsit
633 2179 738 2228 Grotius
751 2194 798 2243 pro
810 2178 903 2229 vitioso
921 2183 954 2236 ὡς
968 2183 981 2230 ό
994 2183 1084 2230 παλ.-

326 2245 370 2292 Vs.
387 2245 558 2305 1.Σο1μ1ν...
580 2243 752 2307 proverbialis
771 2245 875 2306 locutio,
890 2259 941 2308 qua
961 2259 1023 2296 usus
1045 2254 1085 2294 est

326 2307 465 2374 Euripides
477 2308 505 2358 in
516 2307 632 2373 supplic.
647 2323 674 2358 r.
690 2311 756 2359 166ι
770 2311 810 2359 ool
828 2311 872 2372 μὲν
890 2311 993 2360 δοκείτω
1005 2310 1085 2372 ταῦτ’,

326 2375 379 2422 tuci
393 2375 517 2435 τάναντία,
527 2394 540 2420 ν
555 2375 611 2424 Juc.
623 2373 701 2439 Apud
712 2375 784 2424 Stob.
797 2374 909 2426 δοκοῦντ’
921 2375 997 2426 ἐστίν.

357 2503 414 2552 XV.
430 2505 470 2554 Ex
483 2505 557 2555 Stob.
570 2503 661 2554 Floril.
675 2503 714 2554 tit.
731 2505 773 2566 LI,
790 2507 829 2566 II,
841 2507 914 2556 Grot.
932 2522 956 2568 p.
974 2509 1030 2556 131.
1045 2507 1083 2556 Ci.

326 2564 408 2620 Cicer.
427 2569 466 2618 De
484 2571 558 2634 Ostia.
579 2569 600 2628 1,
616 2570 655 2619 13.
670 2597 701 2606 -
715 2571 761 2620 Vs.
780 2573 802 2620 1.
818 2572 895 2635 Vulg.
915 2571 975 2636 πρὸς
986 2574 1084 2634 σοφίαν,

325 2633 361 2683 ud
368 2635 522 2698 sapientiam
535 2635 700 2700 quarendum
711 2635 843 2696 adhibere,
858 2643 905 2687 etc.

357 2771 427 2822 XVI.
446 2771 522 2836 Diog.
537 2773 625 2822 Laert.
641 2773 802 2834 11,δ,12,1ιι
817 2773 923 2824 Socrate
938 2789 944 2822 ε
968 2776 1082 2833 Ἐποίησε

325 2836 350 2884 δύ
362 2838 403 2885 καί
416 2837 684 2902 pernoctassemus
698 2840 761 2888 πάνυ
770 2839 981 2903 ἐπιτετευγμένως.
994 2868 1026 2877 -
1043 2841 1081 2890 CI.

325 2903 394 2953 Plat.
413 2903 499 2954 Pdaed.
513 2905 544 2953 t:
556 2905 658 2957 tareisa:
669 2905 726 2960 τοὺς
738 2903 904 2955 acidissimo
915 2905 1011 2968 λόγους.
1023 2906 1084 2955 Per·

324 2967 389 3017 tinet
413 2969 464 3018 huc
485 2967 616 3044 praecipue
636 2969 771 3019 Plutarchi
802 2971 874 3020 Iocus
899 2971 936 3020 De
958 2971 1080 3021 αυιίίειιιί.

325 3035 394 3084 Post.
407 3034 439 3094 II,
451 3035 496 3084 ubt
507 3035 629 3086 Socrates
643 3036 701 3091 τούς
717 3036 834 3085 Αἰσώπου
847 3036 896 3091 τοῖς
912 3037 980 3086 ίπεσι
992 3037 1084 3101 μύθους

324 3100 439 3164 ἐνόμιζεν,
453 3099 470 3151 i.
482 3116 505 3150 e.
520 3100 635 3150 υεσείδυε
645 3101 777 3166 expressit.

356 3231 437 3280 XVII.
451 3229 527 3295 Apud
539 3230 633 3281 Athen.
648 3231 680 3288 V,
693 3239 756 3281 sect.
771 3233 813 3292 61,
827 3247 852 3297 p.
863 3233 910 3282 213
923 3247 930 3282 ς
944 3253 956 3278 ν
971 3231 1082 3295 Sapiens

323 3295 437 3360 Aspasia
449 3310 507 3360 quae
521 3297 656 3347 Socratem
665 3297 810 3347 rhetoricas
822 3297 937 3348 rationes
948 3297 1044 3359 docuit,
1056 3297 1081 3348 in

323 3360 482 3411 carminibus
492 3375 560 3426 quae,
567 3369 596 3411 ut
604 3361 695 3426 ipsius,
705 3362 930 3424 circumferuntur,
937 3378 995 3428 quas
1003 3364 1082 3414 Hero·

324 3427 396 3475 dicus
424 3429 558 3477 Crateteus
583 3429 714 3492 apposuit,
734 3427 771 3478 ita
791 3428 905 3493 quuitur
920 3445 926 3480 :
942 3430 1081 3495 Σώκρατες,

325 3493 370 3540 οὐκ
385 3493 466 3548 ἔλαθες
478 3495 531 3543 κτλ.
546 3515 559 3534 ·

356 3623 449 3672 XVIII.
461 3623 498 3672 Ex
511 3623 639 3688 Porphyr.
656 3623 691 3672 De
702 3623 802 3673 Abstin.
816 3623 861 3674 III.
876 3623 954 3674 Dedit
963 3631 989 3674 et
999 3625 1079 3676 clem.

228 3695 230 3702 ’
323 3688 396 3738 Alex.
411 3688 507 3738 Strom.
522 3689 567 3747 IV,
583 3705 608 3764 p.
624 3690 669 3738 531
684 3695 710 3738 et
723 3690 755 3739 V.
762 3705 797 3766 p.
812 3691 869 3748 531,
884 3689 928 3739 ubi
947 3690 979 3739 de
998 3691 1081 3740 bomi-

324 3767 385 3803 num
397 3752 536 3804 sanctitate
548 3765 635 3816 agitur
651 3770 657 3801 z
672 3755 720 3803 Ital
732 3771 806 3804 τουτο
822 3749 851 3814 ἦν
868 3751 881 3804 δ
895 3757 1001 3814 sitiisse,
1015 3758 1081 3812 δστις

324 3819 371 3884 ἄρα
381 3813 410 3877 ἦν
423 3818 516 3874 ίκείνος
528 3822 541 3868 δ
553 3819 687 3882 ίπιγροίψας
697 3822 728 3878 τῆ
743 3821 829 3883 είσόδῳ
843 3819 886 3869 τού
900 3821 923 3870 ίν
943 3823 1080 3886 Ἐπιδαύρῳ

323 3886 378 3932 νεώ·
401 3885 481 3947 Ἃγνδν
500 3885 579 3948 χρὴ...
599 3884 661 3934 Inde
682 3880 786 3949 repetiit
808 3885 922 3936 Brunclr.
943 3887 1020 3936 Attal.
1035 3887 1080 3946 Ill,

324 3949 436 3998 Lectica.
470 3985 476 3999 .
492 3951 549 4008 311,
562 3965 589 3998 ιι.
605 3951 652 3999 238
665 3951 691 4010 b,
708 3959 734 4000 et
746 3951 851 4000 Jacobs.
864 3951 983 4016 Appeud.
997 3967 1023 4002 u.
1038 3953 1080 4012 33,

323 4013 397 4078 cujus
414 4013 439 4063 ri
460 4051 466 4062 .
483 4015 623 4064 animadv.
638 4015 689 4064 vol.
706 4015 750 4072 111,
766 4017 796 4066 P.
812 4031 840 4076 u,
861 4031 886 4080 p.
902 4019 927 4066 9.
943 4044 973 4054 -
993 4018 1039 4068 Vs.
1056 4021 1079 4068 1.

324 4081 416 4136 θυώδης
428 4077 492 4128 satis
504 4079 625 4144 frequens
639 4081 772 4144 epitheton
784 4081 816 4130 de
831 4081 945 4146 templis.
959 4082 997 4133 CI.
1013 4082 1081 4134 inter

322 4144 385 4206 alia,
399 4145 510 4194 Theocr.
523 4146 604 4207 XVII,
621 4149 681 4195 123ι
693 4148 829 4202 θυώδεος...
844 4147 916 4203 ναώς.

354 4283 424 4332 XIX.
442 4283 493 4347 Ap.
505 4283 595 4348 Steph.
608 4283 667 4346 Byz.
681 4301 704 4334 ν.
717 4287 770 4351 θρία
784 4285 824 4349 (de
835 4301 885 4350 quo
896 4285 954 4336 vide
966 4287 1077 4337 Lobeci.

322 4349 449 4414 Aglaoph.
460 4364 485 4413 p.
503 4350 574 4410 tlt),
590 4349 662 4400 dedit
675 4358 701 4399 et
712 4351 806 4401 Suides
821 4367 860 4401 νν.
875 4354 937 4416 θρίαι
948 4360 974 4402 et
986 4354 1079 4403 πολλοί.

322 4409 399 4478 Apud
413 4429 473 4462 eum
486 4421 573 4464 autem
595 4435 607 4461 ι
626 4415 749 4466 scribitur
766 4417 888 4482 θριοδόροι
902 4418 977 4481 quasi
997 4419 1080 4468 calcu-

322 4478 408 4538 lirori,
421 4478 541 4536 fortasse.
556 4480 600 4544 qui
611 4483 725 4531 calculos
735 4488 761 4531 et
771 4489 855 4532 sortes
868 4482 893 4532 iu
908 4497 987 4532 urnas
997 4483 1079 4548 conji-

322 4545 402 4603 ciunt,
416 4543 610 4594 etinderictum
622 4546 761 4610 quaeritant
772 4567 785 4593 ν
798 4549 866 4598 Gall.
876 4561 923 4611 ,·ut
934 4551 1079 4614 κυαμοτρὼξ

322 4610 350 4658 in
366 4609 502 4674 Aristoph.
523 4611 668 4676 Equitibus,
685 4615 725 4663 11.
737 4640 769 4652 -
783 4612 844 4664 Hic·
857 4628 947 4664 versus
960 4612 1039 4664 cessit
1053 4615 1078 4663 in

323 4673 542 4740 proverqum.CI.
554 4679 735 4743 ναρθηκοφόροι
749 4679 791 4742 μὲν
805 4679 998 4743 πολλυ1,13α’κχοι
1009 4680 1035 4728 δι’
1052 4697 1078 4729 τε

321 4741 510 4867 susat·
523 4741 725 4872 6333311
743 4745 1079 4874 ll..?.·.⁰·.=..⁰.¹.⁰¹⁰.·..l.¹.⁰.¹.

322 4871 490 4986 1¹3²¹I⁰1}·.P“²·
500 4873 533 4933 X,
552 4875 597 4922 136
612 4889 617 4922 :
631 4876 720 4926 Πολλοί
735 4893 773 4926 τοι
783 4876 974 4944 ναρθηκοφόροι,
988 4875 1078 4944 παῦροι

324 4953 386 4986 τετε
421 4955 502 5002 ακχοι.

355 5068 411 5116 XX.
427 5068 464 5118 Iis
479 5069 586 5120 Sotione
599 5069 625 5120 in
644 5070 739 5122 Μελ-(ιδ.
759 5087 784 5136 p.
808 5073 838 5123 63
857 5072 919 5123 εδίῐ.
936 5073 1076 5124 Westerm.

777 278 1034 338 ANTHOmGlAE
1054 281 1203 341 GRAECAE
1223 285 1448 345 Aprunnlcls

1142 411 1248 476 Legitur
1266 428 1367 478 quoque
1379 430 1421 480 ap.
1436 414 1535 475 Vitruv,
1549 415 1618 476 Vlll,
1632 418 1656 477 3,
1671 415 1716 479 qui
1737 416 1886 481 epigramma

1142 477 1180 526 sic
1191 478 1302 554 explicat
1313 497 1320 530 ι
1335 499 1347 526 ι
1363 481 1391 529 In
1398 480 1513 530 Arcadia
1522 495 1583 531 vero
1593 479 1685 531 civitas
1694 491 1735 530 est
1747 497 1799 532 non
1810 482 1887 548 ignote

1141 542 1241 605 Clitorr,
1258 544 1284 594 in
1299 544 1374 610 cujus
1387 545 1459 611 agris
1469 555 1508 596 est
1518 546 1643 610 spelunca
1657 548 1790 611 profluens
1808 563 1885 613 squa3

1142 623 1218 672 quam
1234 608 1277 686 qui
1289 611 1401 661 biberint
1415 611 1479 662 fiunt
1488 609 1661 662 abstemii.1ld
1673 627 1732 662 eum
1746 615 1886 664 autemion·

1141 682 1193 724 tem
1208 689 1370 740 epigramma
1384 684 1424 727 est
1440 677 1467 726 in
1484 677 1580 742 lapide,
1598 677 1753 742 inscriptum
1773 679 1822 728 bac
1837 696 1886 730 seu·

1141 739 1223 790 tentia
1236 741 1353 792 versibus
1378 742 1476 792 Gracia
1491 757 1498 791 :
1511 758 1567 792 eum
1590 757 1642 792 non
1657 757 1710 793 esee
1724 743 1841 794 itionem
1858 748 1888 796 cd

1141 804 1292 867 lavandum,
1305 807 1352 857 sed
1368 809 1447 858 etiam
1467 809 1599 858 inimicam
1615 807 1720 867 sitibus,
1740 811 1811 875 quod
1827 813 1888 874 opud

1140 885 1198 920 eum
1207 873 1306 934 sontem
1319 871 1463 938 Melampus
1475 873 1609 938 sacrificiis
1619 875 1786 938 purgavisset
1801 877 1886 926 rabiem

1140 938 1220 994 Preti
1230 937 1354 1003 filiorum,
1369 941 1571 1004 restituissetque
1582 953 1671 988 earum
1683 940 1814 1005 νίσρίπυοι
1827 957 1886 990 mer·

1141 1005 1178 1052 tes
1189 1003 1515 1068 inprislinamscaitctem.
1527 1003 1625 1054 »Dedit
1634 1005 1775 1055 δυνασθείη
1783 1007 1886 1071 Apperd.

1140 1067 1229 1133 Εμίρτ.
1240 1083 1267 1118 u.
1276 1071 1331 1120 133.
1342 1070 1380 1120 De
1390 1070 1461 1120 tonte
1469 1069 1576 1119 Clitorio
1584 1068 1635 1120 rid.
1646 1069 1721 1120 Orid.
1729 1073 1887 1132 Metam.XV,

1141 1134 1188 1182 322
1195 1149 1251 1198 sqq.
1268 1134 1434 1185 -Αδίεῑίαιιι
1443 1136 1474 1184 de
1484 1136 1533 1184 hac
1545 1135 1694 1186 rePeussn.
1702 1137 1772 1195 VIII,
1785 1139 1813 1186 16
1823 1141 1886 1186 etlt.

1139 1224 1172 1236 -
1184 1199 1230 1248 Vs.
1240 1201 1264 1248 2.
1276 1199 1393 1265 ίσγατιοιί,
1404 1201 1473 1265 agri,
1483 1199 1630 1265 praesertim
1640 1199 1684 1266 qui
1696 1200 1788 1266 jacent
1803 1204 1887 1252 monti·

1141 1263 1188 1313 bus
1202 1264 1399 1328 proximi-Vs.
1409 1269 1433 1316 ⁵.
1444 1266 1517 1316 coni.
1525 1267 1631 1316 Jacobs.
1641 1266 1732 1331 Ιδιιτίρ.
1746 1268 1886 1317 Ονεε1.336;

1140 1331 1258 1394 λσυτροίτ’
1271 1330 1309 1380 tert
1321 1331 1395 1395 χροός
1409 1333 1529 1396 βοίλλε.-
1540 1332 1585 1381 Vs.
1600 1333 1624 1382 6.
1637 1330 1704 1380 Vitr.
1720 1333 1886 1396 edit.Bipout.

1140 1395 1229 1460 θερμῆς
1244 1410 1291 1460 ρτο
1306 1397 1417 1510 τερπνῆς.
1429 1397 1492 1448 Cod.
1506 1397 1620 1461 Prsueq.
1635 1395 1737 1448 Vitrur.
1752 1415 1782 1448 ex
1795 1413 1888 1448 correc-

1140 1459 1210 1509 tione
1231 1461 1261 1509 G.
1278 1461 1330 1510 Wa
1349 1462 1434 1512 edeld.
1454 1464 1487 1526 μή
1506 1479 1534 1512 σε
1551 1462 1666 1523 παραυτδ
1685 1465 1792 1526 πημήνῃ,
1808 1467 1889 1527 θερμῆς

1139 1518 1269 1576 ύιντιὸοντα
1282 1527 1364 1588 με’θης.
1381 1554 1410 1564 -
1427 1528 1474 1578 Vs.
1489 1529 1513 1576 t.
1531 1527 1569 1577 CI.
1590 1528 1703 1588 Hesych.
1727 1527 1756 1578 in
1772 1531 1887 1594 ίικρουχεί.

1142 1592 1230 1654 ’Ἄκρον
1248 1591 1273 1640 δὲ
1294 1594 1352 1655 δρος
1373 1595 1417 1652 τῆς
1447 1592 1561 1658 Ἀργείας,
1577 1592 1614 1656 ἐφ’
1629 1589 1658 1644 ού
1680 1595 1814 1658 Ἀρτίμιδος
1831 1597 1888 1658 isphr

1139 1657 1253 1720 ἱδρύσατο
1264 1658 1421 1721 Μελάμπους,
1435 1661 1542 1723 καθάρας
1554 1659 1598 1714 τὰς
1610 1660 1748 1726 Προιτίδας,
1760 1660 1833 1724 ἤγουν
1844 1663 1889 1714 ταῖς

1139 1723 1255 1785 Χάρισιν.

1172 1851 1240 1902 XXI.
1257 1852 1294 1902 Ex
1313 1851 1449 1903 narmensi
1467 1852 1570 1902 schedis
1587 1853 1668 1903 edidit
1689 1855 1796 1903 Bceclrh.
1818 1857 1887 1920 Corp.

1139 1915 1201 2030 φ’ρερρί.
1215 1933 1255 2031 φρ.
1270 1925 1288 1966 t.
1293 1919 1321 2032 Ili,
1333 1934 1359 1968 n.
1375 1921 1414 1969 12.
1424 1939 1442 1994 Ιιι
1455 1919 1502 1993 Est
1513 1934 1603 2033 stersus
1613 1920 1646 1968 ab
1657 1918 1807 2034 111ρμρᾱτσ1ιῐο
1815 1921 1888 1970 Pisis-

1138 2045 1182 2094 ubi
1193 1998 1291 2121 ῌετίίίε
1303 1998 1888 2112 ,2122ss‡?,⁸,⁰‚',¹,¹,³,3³,;„‘3¹,¹2„⁸¹,⁸,},¹,⁰3:353

1139 2111 1246 2162 Thrram
1257 2128 1353 2178 pagum
1363 2121 1388 2163 et
1396 2115 1513 2164 Athenas
1525 2117 1625 2165 urbem.
1634 2116 1723 2166 Verba
1730 2125 1790 2165 sunt
1798 2116 1887 2180 dialogi

1139 2177 1177 2227 De
1201 2177 1269 2228 tucri
1286 2193 1317 2228 cu
1336 2179 1416 2236 idiue.
1432 2195 1508 2244 quem
1529 2179 1629 2230 Simoni
1651 2180 1786 2230 Socratico
1806 2181 1885 2242 tribui,

1140 2257 1165 2306 p.
1177 2244 1235 2304 223,
1249 2259 1263 2292 c
1277 2244 1326 2308 (C.
1345 2245 1445 2303 AElian,
1459 2246 1492 2294 V.
1512 2245 1544 2295 Η.
1559 2247 1627 2304 VIII,
1641 2247 1676 2309 2),
1693 2245 1725 2294 da
1746 2245 1886 2310 Hipparcho

1140 2307 1305 2360 Pisistratide
1316 2324 1321 2357 :
1333 2313 1428 2370 Ἐπειδὴ
1436 2311 1462 2360 bi
1473 2309 1542 2373 αύτῷ
1553 2315 1576 2360 ot
1588 2313 1643 2376 περὶ
1654 2311 1683 2360 τὸ
1691 2310 1753 2360 ἄστυ
1765 2314 1813 2360 τῶν
1826 2316 1885 2360 κολι-

1138 2375 1186 2422 τῶν
1196 2375 1394 2438 πεπαιδευμένων
1403 2371 1466 2435 ἦσαν
1474 2377 1515 2424 καί
1524 2377 1664 2440 ίθαύμασοιν
1676 2377 1750 2426 αύτδν
1759 2377 1798 2426 ίπλ
1810 2379 1884 2442 σοφίφ,

1138 2438 1299 2491 δπιδουλεύων
1313 2435 1344 2492 αύ
1361 2441 1419 2496 τούς
1430 2443 1455 2491 δν
1474 2441 1524 2495 τοῖς
1541 2436 1626 2506 διγροίς
1640 2441 1778 2496 παιδεῦσαι,
1792 2444 1884 2499 ίστησεν

1138 2504 1221 2559 αὐτοῖς
1241 2507 1333 2569 ‘Eppia
1351 2508 1415 2556 κατὰ
1427 2509 1470 2562 τὰς
1483 2507 1554 2563 ὁδούς
1569 2509 1593 2558 δν
1610 2509 1678 2571 μίσῳ
1695 2507 1740 2557 τού
1753 2507 1839 2564 ἄστεος
1851 2511 1885 2556 καί

1138 2571 1186 2618 τῶν
1200 2572 1283 2631 δήμων
1294 2572 1435 2623 laterae..
1459 2573 1544 2622 Ἐστδν
1558 2574 1584 2621 δὲ
1595 2573 1640 2622 δύο
1653 2571 1851 2638 τώπτγφᾶμμιιτε·
1864 2575 1884 2622 ἐν

1138 2635 1181 2694 μὲν
1193 2637 1243 2691 τοῖς
1257 2635 1294 2686 ἐπ’
1307 2637 1423 2704 ἀριστερὰ
1437 2635 1482 2688 τού
1497 2637 1588 2703 Ἐρμού
1603 2639 1710 2688 ίκόστου
1725 2639 1885 2704 ίπιγὲγραπτσι

1136 2701 1211 2762 λέγων
1224 2704 1238 2750 d
1260 2703 1351 2767 Ἐρμῆς
1363 2705 1400 2752 δτι
1415 2705 1439 2753 ἐν
1454 2704 1522 2766 μέσῳ
1537 2709 1580 2753 τοῦ
1593 2704 1681 2758 ἄστεος
1697 2705 1739 2754 καί
1754 2704 1799 2753 τού
1814 2707 1884 2764 δήμου

1137 2767 1270 2822 ἔστηκεν...
1284 2791 1296 2809 ι
1306 2767 1384 2818 selu.
1398 2795 1428 2806 -
1441 2769 1486 2820 Vs.
1500 2772 1515 2818 2
1530 2768 1598 2818 alius
1611 2779 1637 2818 et
1646 2769 1782 2819 exhibetur
1793 2770 1819 2818 in
1829 2770 1883 2820 dial

1137 2832 1271 2882 Socratico
1290 2832 1329 2882 sio
1347 2849 1353 2883 :
1372 2835 1464 2898 Μνῆμα
1478 2834 1528 2883 τόδ’
1549 2835 1620 2884 'larci
1635 2851 1692 2900 χον·
1707 2837 1739 2896 μή
1753 2836 1819 2898 φιλον
1840 2839 1885 2889 ἐξα-

1136 2899 1211 2947 πάτα.
1224 2897 1299 2949 Unde
1307 2897 1396 2963 colligi
1405 2907 1490 2964 potest
1501 2899 1612 2964 singulis
1621 2852 1731 2949 ilermis
1742 2899 1884 2964 inscriptam

1137 2961 1226 3024 fuisse,
1235 2977 1286 3028 qus
1295 2972 1413 3027 agrestes
1420 2965 1583 3026 docerentur,
1592 2964 1771 3015 brevissimam
1780 2965 1885 3030 aliquam

1137 3029 1301 3080 sententiam.

1168 3159 1249 3210 XXII.
1263 3159 1339 3223 Apud
1352 3159 1428 3225 Diog.
1441 3161 1528 3210 Laert.
1539 3161 1559 3221 I,
1574 3162 1614 3212 tt.
1631 3161 1670 3210 ct.
1684 3161 1766 3211 schol.
1775 3161 1882 3224 Euripid.

1136 3223 1168 3274 ad
1183 3225 1285 3290 Hippoi.
1298 3240 1325 3275 υ.
1340 3227 1387 3276 266
1402 3241 1408 3275 :
1422 3227 1471 3275 ίίαί
1485 3228 1604 3306 μάρτυρες
1619 3227 1718 3276 ίσοντοι
1736 3229 1758 3275 oi
1777 3227 1854 3290 σοφοί,
1865 3229 1884 3274 τί

1135 3307 1182 3340 που
1195 3290 1248 3346 ίνὸς
1259 3293 1307 3340 τῶν
1320 3295 1339 3340 Ζ
1352 3295 1435 3354 σοφῶν
1451 3293 1515 3342 ίστιν
1526 3287 1670 3355 ἀπόφθεγμα
1680 3293 1717 3341 ‘Id
1729 3293 1810 3352 Μηδὲν
1821 3292 1883 3352 ἄγαν,

1135 3357 1195 3420 ὅπερ
1214 3359 1306 3407 Σίλωνι
1326 3353 1489 3418 ἀνατιθέασιν,
1507 3360 1541 3414 ὡς
1558 3359 1656 3423 Κριτίας
1673 3359 1714 3406 καί
1729 3359 1883 3421 Πίνδαρος,οί

1136 3421 1162 3468 δὲ
1175 3423 1294 3486 Σωδοίμῳ,
1309 3425 1342 3478 rb:
1360 3424 1388 3471 τὸ
1414 3423 1438 3471 tv
1458 3424 1535 3486 Τεγέα
1552 3422 1694 3486 ίπίγραμμα
1720 3423 1795 3480 δηλοῖ.
1816 3423 1883 3471 Ταῦτ’

1135 3485 1248 3550 ε’λτγεν...
1260 3487 1321 3536 Vid.
1337 3487 1396 3536 intr.
1410 3503 1436 3537 n.
1452 3489 1493 3536 23.
1507 3487 1585 3536 Dedit
1597 3489 1630 3538 H.
1644 3487 1751 3537 Grotius
1764 3487 1790 3536 in
1801 3487 1881 3536 Florii.

1134 3567 1175 3616 qr.
1189 3553 1306 3603 bientiae.
1320 3567 1370 3603 sec.
1384 3569 1410 3618 p.
1425 3555 1482 3614 333,
1495 3561 1521 3602 et
1534 3553 1610 3604 multi
1624 3552 1670 3603 alii
1683 3553 1846 3617 repetierunt.

1168 3683 1260 3733 XXIII.
1275 3683 1314 3733 Ex
1329 3683 1411 3734 schol.
1428 3683 1518 3749 Eurip.
1534 3685 1572 3734 ud
1587 3685 1689 3748 Hippoi.
1706 3685 1763 3734 266.
1779 3682 1879 3748 Ευτίρ.;

1317 3781 1391 3832 Ούτω
1404 3783 1433 3832 τδ
1443 3784 1494 3834 λίαν
1505 3777 1583 3843 ἧσσον
1597 3785 1688 3834 tresve

1347 3848 1392 3898 τού
1404 3850 1487 3907 Μηδίν
1499 3848 1570 3913 ἄγαν·

1314 3915 1354 3962 καί
1369 3917 1527 3979 συμφήσουσι
1541 3917 1613 3978 σοφοί
1626 3932 1677 3978 μοι.

1135 4025 1221 4077 Schol.
1242 4041 1249 4074 ι
1267 4025 1317 4076 liei
1335 4027 1455 4090 μάρτυρες
1473 4025 1571 4076 ίσοντσιι
1591 4029 1614 4076 ol
1633 4027 1706 4089 copel
1724 4033 1751 4076 st
1767 4033 1816 4075 cst.
1832 4039 1881 4088 quse

1135 4091 1191 4141 vide
1200 4105 1290 4156 supra,
1298 4105 1368 4152 ικιις
1382 4091 1454 4142 addit
1466 4091 1534 4141 idem
1546 4107 1551 4140 :
1561 4093 1592 4140 ‘o
1606 4092 1632 4140 bt
1646 4092 1804 4156 θεόφραστος
1816 4094 1847 4146 ὡς
1856 4095 1882 4138 τι

1134 4157 1241 4220 Σισύφου
1257 4157 1376 4220 λεγόμενα
1391 4157 1432 4206 καὶ
1443 4159 1560 4214 Πιτθέως·
1575 4151 1627 4206 οίον
1639 4157 1723 4217 Μηδὲν
1738 4157 1806 4220 ἄγαν·
1820 4157 1882 4212 Μηδὲ

1133 4226 1201 4274 δίκαν
1217 4223 1328 4286 δικάσῃς.
1347 4249 1377 4259 -
1397 4222 1434 4272 CI.
1452 4221 1529 4272 Pind.
1547 4237 1590 4288 ap.
1608 4223 1742 4272 Plutarch.
1765 4223 1837 4273 cons.
1852 4220 1882 4270 cd

1133 4287 1218 4353 Apoll.
1231 4303 1323 4338 xxvnt.
1337 4288 1411 4351 Σοφοὶ
1420 4288 1445 4336 di
1458 4289 1499 4338 καί
1512 4289 1541 4338 τδ
1556 4288 1638 4342 Μηδὲν
1653 4288 1715 4349 ἄγαν
1728 4289 1785 4345 ἔπος
1794 4287 1882 4336 uiscera

1133 4353 1264 4418 περισσῶς,
1279 4359 1305 4404 et
1320 4368 1391 4418 supr.
1409 4352 1493 4418 epigr.
1513 4355 1544 4402 22
1563 4369 1568 4403 :
1589 4345 1637 4402 Ἠν
1656 4355 1881 4416 Λακεδαιμόνιοι...

1133 4419 1242 4470 Ατίεεοε.
1256 4418 1328 4469 alet.
1338 4419 1370 4478 II,
1384 4420 1413 4468 12
1425 4426 1451 4468 et
1461 4421 1501 4479 21,
1512 4419 1686 4468 Αυεοιι.δυιί.
1698 4419 1773 4484 Sap„
1784 4419 1880 4469 Terent.

1133 4485 1216 4535 Andr.
1225 4487 1252 4534 61
1263 4491 1289 4534 et
1298 4483 1641 4548 pracipueCIsment.Alex.
1654 4485 1781 4535 Stromul.
1792 4485 1802 4533 I
1814 4500 1821 4532 :
1835 4485 1882 4532 Χεί-

1131 4553 1188 4600 λωνι
1199 4551 1235 4613 τῷ
1246 4551 1430 4614 Λακεδαιμονίῳ
1440 4545 1589 4613 ἂναρίρουσι
1599 4549 1626 4598 τὸ
1638 4551 1722 4607 Μηδὲν
1735 4550 1805 4612 ἆγεν.
1816 4550 1882 4610 Στρό-

1133 4633 1181 4664 των
1193 4615 1219 4664 st
1232 4615 1257 4665 δν
1269 4617 1304 4674 τῷ
1318 4615 1377 4677 Περὶ
1391 4617 1543 4679 Εὑρημάτων
1556 4615 1722 4680 Στρατοδήμῳ
1735 4617 1771 4676 τῷ
1782 4613 1880 4676 Territa

1131 4681 1268 4745 προσάπτει
1280 4681 1307 4729 τὸ
1324 4681 1478 4744 ἀπόφθεγμα.
1497 4681 1601 4745 Δίδυμος
1614 4681 1639 4729 di
1652 4681 1746 4730 Σόλωνι
1757 4682 1817 4730 αὐτὸ
1830 4676 1880 4730 ἁνα-

1131 4749 1219 4805 τίθησι.

1164 4877 1257 4926 XXIV.
1276 4877 1382 4927 Athenis
1398 4877 1426 4926 in
1439 4892 1509 4928 arce.
1525 4875 1614 4928 Edidit
1631 4893 1656 4925 ν.
1670 4878 1705 4927 cl.
1720 4876 1878 4940 Rhaugabes.

1131 4943 1203 4992 Anat.
1213 4941 1278 4992 Heu.
1290 4951 1308 4992 t.
1320 4944 1352 5003 11,
1369 4959 1394 5008 p.
1410 4944 1468 5001 tos,
1490 4959 1516 4992 n.
1532 4943 1589 4992 363.
1603 4942 1722 4992 Disticho
1737 4940 1880 5006 praescrIpts

1132 5015 1206 5056 erent
1219 5008 1347 5072 quaedam,
1360 5007 1495 5073 exquibus
1509 5023 1541 5058 ea
1551 5014 1720 5073 supersunt...
1731 5007 1753 5057 δι
1766 5007 1878 5079 asili...-

1133 5075 1289 5134 Παναθήναια
1317 5074 1358 5122 καί
1381 5076 1514 5138 θαργηλια.
1540 5073 1587 5124 llis
1617 5073 1644 5122 itt
1668 5070 1787 5134 reliquiis
1812 5069 1879 5119 Iactis
