3866 6016
226 389 283 446 372

227 513 316 577 Catu,
337 519 516 582 Ἠπιοοόοιμος,
527 519 606 582 Hgd„
618 519 706 568 omnia
719 521 827 584 pariter,
840 528 868 570 ut
887 521 989 584 opinor,

225 579 302 630 salsa.
322 583 473 647 Legendum
500 584 670 646 Ἠπιὸτολμος,
685 586 777 635 eodem
796 587 849 635 sere
864 601 943 635 sensu
961 602 992 636 ac

227 643 353 710 Εὗτολρος
369 665 390 698 ι.
408 651 541 713 nazaram<
555 650 598 710 (V.
613 649 690 700 Aual.
709 667 751 714 pr.
774 652 888 701 Brunclr.
903 653 948 710 III,
965 654 989 714 8,

226 713 259 762 Il.
273 713 331 771 229,
343 715 383 764 ed.
397 715 489 780 Lips.),
505 721 531 764 et
540 710 700 778 Ἠπιόθυμος,
709 718 761 766 Pro
774 717 848 782 cujus
856 717 939 782 patris
949 734 992 768 no-

225 790 370 857 minequod
380 809 424 859 ap.
431 793 605 845 Cailliaudum
611 803 651 845 est
660 794 717 853 ΟΥ
724 796 751 852 Δ
760 797 885 855 ΛΕΤΙΜ
892 797 928 875 Χ,
939 799 993 867 legi

229 895 314 955 potest
331 887 651 971 ΟΥΑΛΕΝΤΙΝΟΥ,
667 907 714 942 seu
733 889 991 971 ΟΥΑΛΕΤΙΟΥ,

227 984 282 1034 sive
292 983 371 1034 etiam
384 985 441 1044 ΟΥ
451 985 472 1042 Α
481 987 642 1062 ΛΕΡΙΟΥ1
655 987 724 1052 quod
735 987 843 1039 sortasse
854 988 994 1054 praeferen-

227 1069 299 1129 dum,
310 1069 371 1150 quia
385 1070 519 1134 Οὐαλέριος
529 1071 627 1134 Μιρίων
643 1071 749 1135 quidam
761 1073 875 1122 occurrit
887 1079 917 1122 ut
927 1073 994 1136 Ιιρᾶς

227 1134 302 1192 πύλης
315 1138 407 1194 Σουνης
420 1136 566 1202 animanti<
582 1136 610 1185 ln
633 1137 709 1186 titulo
723 1137 850 1202 inscripto
864 1139 891 1188 in
909 1137 994 1202 supel-

228 1201 323 1250 lectilis
342 1199 431 1250 aculis
446 1201 593 1265 fragmento
608 1201 634 1252 in
652 1203 738 1252 insula
762 1203 936 1268 Elephantine
951 1219 992 1252 re-

230 1275 303 1330 perto
325 1268 367 1332 (V.
394 1267 470 1332 Cup.
504 1284 530 1316 n.
558 1269 643 1331 1813).
666 1269 709 1317 Fr.
739 1271 892 1336 Οὐεργιλίου,
923 1269 992 1321 uati.

228 1333 392 1383 Φλαουιάνου.

264 1465 402 1514 CXXXVI.
422 1465 553 1530 Olympia.
575 1467 674 1516 Mensis
691 1467 804 1516 februar.
821 1470 851 1516 tt
870 1467 912 1518 die
931 1469 994 1518 1330

230 1537 373 1595 repertum,
397 1547 427 1580 ex
440 1531 568 1596 Purgoldi
580 1533 734 1596 apographo
746 1531 827 1582 edidit
839 1533 882 1582 W.
897 1533 996 1583 Ditten-

231 1597 326 1661 berger
337 1595 365 1645 in
377 1597 502 1646 Arabarcl.
518 1598 636 1662 Zeituug.
653 1599 726 1658 18811,
742 1600 820 1663 prim.
834 1607 903 1663 part.
914 1615 940 1665 p.
953 1601 994 1649 tt.

233 1703 262 1713 -
275 1676 321 1725 Vs.
333 1677 358 1724 2.
369 1690 487 1726 marmor
505 1675 541 1732 ΕΙ
550 1677 577 1733 Δ
586 1675 664 1733 ΡΥΜ
673 1677 696 1733 Α
706 1681 725 1732 Ι.
739 1679 779 1727 Ex
789 1676 997 1728 litterarumlor·

230 1773 274 1808 ma
287 1757 394 1823 conjicit
416 1759 501 1809 editor
527 1759 632 1808 titulum
657 1776 714 1812 esse
736 1761 759 1809 Il
772 1775 798 1824 p.
815 1761 876 1812 Chr.
895 1761 995 1819 saeculi,

231 1825 378 1888 imperante
391 1825 527 1875 Hadriano
542 1841 563 1874 s.
580 1825 723 1876 Antonino.

265 1965 415 2016 CXXXVII.
426 1965 457 2014 ln
480 1965 577 2030 oppido
602 1966 724 2031 Glrirplre,
748 1965 775 2014 in
798 1964 867 2014 facie
886 1963 997 2014 australi

231 2031 348 2095 porticus
361 2031 481 2081 secundas
493 2048 500 2091 ;
513 2046 544 2082 er
560 2032 664 2080 schedis
678 2030 818 2082 Cailliaudi
831 2039 856 2080 et
866 2030 997 2080 Pachonis

227 2096 313 2148 edidit
322 2097 458 2156 Letronn.,
469 2099 527 2147 llec.
542 2097 586 2147 des
596 2099 662 2148 lare.
676 2113 718 2162 qr.
737 2114 762 2162 p.
782 2099 840 2156 521,
859 2111 885 2144 ιι.
904 2111 995 2146 ntvur.

228 2164 332 2214 Novum
346 2163 527 2227 apographum
547 2163 630 2213 edidit
654 2162 755 2212 Bailius
769 2163 843 2212 Fuso.
857 2163 935 2212 inser.
951 2163 997 2220 ΙΙΙ,

231 2247 255 2294 ρ.
269 2231 326 2280 951.
338 2229 376 2278 Ex
389 2226 431 2276 hie
443 2228 564 2278 omnibus
572 2227 679 2292 repetiit
690 2228 826 2288 Pranzius,
840 2229 917 2292 Corp.
928 2229 996 2278 Inar.

228 2312 270 2360 qr.
283 2297 314 2345 T.
328 2295 374 2354 III,
396 2308 423 2357 p.
440 2295 513 2355 1238,
530 2295 662 2354 Addeud.,
676 2310 703 2343 n.
718 2296 780 2344 1951
803 2296 829 2344 h.
844 2294 997 2344 Sermonem

229 2363 262 2410 de
286 2360 377 2425 templi
405 2359 497 2410 dromo
526 2359 658 2425 lapidibus
695 2367 778 2410 strato
804 2359 917 2425 conjecit
939 2375 998 2409 esse

229 2425 396 2478 Letronuius.
406 2425 444 2474 Ex
456 2425 609 2490 apographo
620 2424 742 2475 Bailiano
754 2439 882 2491 apparere
894 2425 997 2476 ridetur

229 2507 325 2544 nornen
339 2491 386 2542 IBI
408 2491 548 2556 copticum,
563 2507 614 2554 quo
629 2490 793 2554 significatur
807 2491 915 2557 antiqua
925 2491 996 2540 ossis

230 2557 384 2618 metropolis
401 2556 470 2606 Hibe
496 2571 541 2606 seu
559 2556 631 2606 Hibi.
655 2557 693 2606 Cl.
720 2557 868 2607 Wilkinson
886 2559 994 2623 Topopr.

232 2624 308 2674 Theb.
329 2639 354 2689 p.
371 2623 430 2673 369.
452 2622 611 2674 Hermolaus
630 2622 794 2700 Hermophili
811 2622 889 2682 filius,
910 2623 997 2688 patria

230 2690 396 2756 Hermopoli,
411 2697 439 2740 ut
453 2690 565 2750 ridetur,
581 2704 679 2754 magna
695 2690 821 2739 oriundus
834 2689 958 2754 (πατρίδος
973 2690 998 2746 u

237 2758 331 2872 ‘lippet
346 2754 415 2808 esti.
430 2771 455 2820 q.
470 2755 494 2812 tt
514 2757 610 2820 Ἑρμοῦ
625 2755 728 2832 πόλεως)
749 2762 788 2805 est
802 2754 834 2814 ie,
848 2755 891 2830 qui
904 2762 999 2804 metro

231 2837 263 2888 po
276 2823 303 2872 'n
312 2822 394 2874 Hibin
404 2829 488 2874 strata
497 2821 540 2871 via
552 2821 655 2872 ornavit
667 2823 770 2871 cubitos
782 2822 847 2871 DCC
856 2819 997 2884 mlongum

230 2897 361 3004 porrecta,
373 2890 417 2954 qui
427 2889 477 2938 hoc
490 2902 555 2952 opus
571 2895 722 2952 persecutus
732 2893 832 2936 estuna
844 2901 903 2936 cum
917 2901 998 2936 uxore

255 2956 361 3004 nthusa.
376 2975 388 3000 a
403 2956 448 3005 Fr.

265 3095 428 3146 CXXXVIII.
449 3094 564 3154 Athenis,
592 3094 621 3144 In
647 3110 722 3144 muro
748 3092 904 3144 occidentali
933 3099 997 3142 stoee

231 3161 324 3212 Attali.
337 3162 458 3212 Editores
470 3161 552 3211 habes
566 3161 635 3226 apud
650 3159 766 3210 KeiIIum
783 3158 810 3208 in
831 3161 899 3209 Mus.
916 3158 995 3209 Alea.

231 3228 326 3278 XVIII.
340 3228 371 3277 ll
386 3241 444 3292 sqq.
461 3226 538 3278 Unde
555 3225 661 3290 repetiit
675 3227 706 3275 G.
728 3224 888 3275 Kalb—Ve.
902 3225 926 3272 2.
936 3222 997 3272 Keil

232 3292 323 3358 κράτος
335 3291 474 3358 supplevit,
484 3307 532 3356 pro
542 3307 592 3354 quo
605 3290 711 3356 scrIpsit
723 3289 863 3341 Kaibelius
871 3289 921 3354 βία,
929 3291 997 3354 quod

233 3357 329 3424 sapius
353 3360 403 3408 hoo
423 3373 502 3408 sensu
520 3355 643 3420 usurpari
666 3358 743 3407 solet.
767 3377 779 3403 ιι
803 3354 865 3404 Fuit
885 3355 997 3405 alterum

234 3434 361 3489 praeterea
368 3423 507 3482 distichon,
520 3421 565 3472 sed
573 3422 675 3472 restitui
687 3438 719 3472 eo
728 3421 815 3472 minus
823 3420 919 3486 potius,
929 3422 998 3485 quod

232 3505 345 3554 quonam
369 3490 481 3554 pertinet
502 3489 666 3553 epigramma
679 3489 807 3538 incertum
822 3495 871 3537 est.
889 3507 902 3532 a
919 3488 950 3538 G.
962 3489 995 3538 II.

266 3631 405 3682 CXXXIX.
425 3632 534 3680 Exstant
557 3631 613 3681 haec
638 3631 829 3696 epigrammata
853 3627 903 3676 duo
929 3626 997 3692 apud

234 3699 384 3756 Gruterum,
394 3697 421 3747 in
435 3697 556 3746 Thesaur.
574 3713 600 3762 p.
618 3711 747 3754 umvru,
765 3699 788 3745 1.
804 3695 922 3760 Appeud.
938 3708 998 3742 cum

233 3766 284 3815 hoc
295 3766 435 3814 lemmate:
450 3761 559 3813 Athenio
570 3763 597 3812 in
618 3777 681 3812 arcu
706 3775 864 3818 marmoren,
884 3759 949 3810 illud
970 3758 998 3808 in

234 3845 287 3881 una
307 3829 374 3880 facie
399 3828 571 3889 monumenti,
598 3829 655 3878 haec
679 3827 706 3876 in
729 3827 822 3877 altera.
848 3824 917 3875 Sunt
930 3833 957 3875 et
970 3825 998 3875 in

234 3894 359 3946 Bandinii
369 3893 496 3959 Cataloqo
506 3897 554 3944 sub
566 3896 616 3945 hoc
625 3893 701 3944 titulo
713 3890 917 3956 :inscriptiones
928 3907 998 3956 qusa-

235 3963 296 4012 dam
310 3959 390 4012 variis
402 3961 428 4010 in
441 3960 506 4012 locis
518 3968 645 4026 repertee3
663 3961 720 4008 haec
732 3971 771 4008 ιι·
784 3965 831 4008 est.
848 3955 998 4022 Corruptis-

236 4027 303 4078 sima
316 4025 399 4077 edidit
410 4026 564 4084 Bandinius,
580 4035 607 4076 ut
620 4025 689 4090 apud
700 4041 777 4088 quern
795 4023 900 4088 legitur.
915 4039 953 4072 vs.
975 4027 998 4072 1.

238 4093 318 4146 ”Educ
339 4095 471 4153 Ἀθῆναι...
486 4095 502 4150 ἡ
520 4093 596 4151 πόλις,
620 4107 657 4140 vs.
674 4093 698 4140 2.
711 4092 797 4146 idue...
812 4091 853 4140 καὶ
869 4091 932 4156 οὐχὶ.

270 4232 346 4283 CXL.
366 4232 480 4282 Bandin.
506 4230 627 4296 Cataloq.
652 4235 699 4282 etc.
725 4231 756 4279 T.
777 4231 810 4289 ΙΙ,
834 4245 859 4294 ρ.
878 4231 920 4288 tu,
941 4245 999 4280 cor-

237 4296 420 4363 ruptissimum
439 4297 521 4348 edidit
541 4296 759 4362 epigrammation
775 4297 864 4357 hocce,
881 4296 950 4360 quod
972 4305 1002 4346 ut

239 4363 381 4429 potuimus,
402 4363 540 4414 restituere
566 4378 655 4413 sumus
677 4361 774 4413 conati.
796 4362 952 4412 Presceduut
973 4361 1002 4412 hi

238 4445 330 4480 versus
342 4429 456 4494 Oppiani
470 4430 508 4479 De
532 4431 621 4479 Vertat.
640 4429 687 4478 lib.
705 4429 751 4486 IV,
768 4428 826 4477 cod.
840 4443 890 4477 ms.
905 4428 965 4478 XIV
978 4443 1000 4476 s.

240 4523 271 4535 -
285 4496 332 4548 Vs.
350 4497 374 4547 1.
389 4495 501 4546 Bandin.
521 4494 560 4545 sic
576 4493 680 4545 exhibet
695 4501 838 4544 extremum
852 4495 940 4560 ἐρατὴν
959 4511 1003 4542 πυ·

239 4562 336 4624 arniba,
355 4568 503 4627 permutato
518 4561 617 4620 ordine,
633 4558 791 4610 inseruimus
806 4560 854 4622 ἐγώ
869 4573 875 4608 :
892 4558 1002 4608 sormam

239 4630 362 4687 massua
383 4643 511 4692 nusquam
528 4626 602 4686 alibi,
618 4625 647 4676 ni
672 4625 797 4685 fallimur,
818 4623 941 4685 occurrit,
961 4625 1003 4674 rel

242 4695 372 4745 Thesauro
382 4697 465 4745 abest.
473 4693 556 4743 -Vs.
566 4694 590 4742 2.
600 4693 672 4756 σοφίη
677 4710 695 4752 ς,
706 4691 851 4756 penultima
865 4690 1002 4753 producta,

241 4761 310 4824 quod
324 4776 384 4811 raro
404 4762 442 4810 nt.
461 4788 491 4797 —
504 4759 551 4808 Vs.
566 4761 590 4808 3.
608 4757 721 4808 Bandin.
732 4772 739 4806 :
751 4756 800 4806 ἀλλ’
811 4756 904 4810 ἀνύσας
913 4757 1004 4815 θηησοί-

242 4844 302 4904 μην,
319 4841 396 4891 quem
415 4823 518 4876 librarii
538 4823 640 4875 incuria
657 4825 829 4888 depravatum
850 4821 927 4872 facile
950 4837 1005 4872 cor·

242 4907 365 4942 reximus.

276 5025 419 5075 CXLI.le
438 5024 521 5074 schol.
536 5023 564 5074 in
581 5021 694 5088 Oppiani
716 5020 876 5082 HalteutIea,
893 5018 955 5069 edit.
971 5021 1003 5069 A.

243 5091 274 5140 ll.
289 5089 377 5140 Didot.
390 5105 416 5155 p.
428 5091 485 5139 aet.

281 5221 379 5273 CXLII.
404 5220 515 5271 Bandin.
541 5219 627 5271 Calai.
652 5218 682 5268 T.
709 5218 741 5278 ll,
769 5233 794 5282 p.
824 5217 866 5266 78.
888 5216 927 5266 Ex
949 5216 1007 5266 aod.

680 389 939 450 ANTHOLOGIAE
959 391 1110 451 GRAECAE
1130 391 1357 464 APPIINDICIS

1045 538 1093 570 ms.
1108 524 1168 572 XIV
1182 539 1204 572 s.
1218 525 1374 574 Praecedunt
1385 525 1413 574 hi
1426 540 1516 574 versus
1530 524 1643 588 Oppiani
1665 525 1700 573 De
1719 523 1813 573 Vertat.

1044 589 1136 648 libros,
1151 604 1210 639 cum
1226 589 1356 653 Anonymi
1371 591 1534 655 paraphrasi.
1554 617 1585 626 -
1597 591 1644 638 Vs.
1660 591 1684 639 1.
1702 592 1814 650 μέγιστε.

1047 656 1153 719 Καῖσαρ.
1168 656 1254 705 Caesar
1268 655 1313 705 ille
1326 661 1366 706 est
1384 656 1481 706 Anton.
1511 656 1649 706 Caracalla
1669 655 1712 704 cui
1736 668 1814 718 para·

1046 721 1173 784 phraseos
1185 727 1278 771 auctor
1297 737 1363 786 opus
1378 737 1452 771 suum
1469 721 1572 772 dedicat
1593 729 1618 771 et
1636 720 1813 770 commendat.

1080 861 1190 911 CXLIII.
1228 862 1379 912 Mediolani.
1429 863 1519 914 Edidit
1546 864 1651 912 Gruter.
1689 861 1813 911 Thesaur.

1046 942 1073 991 p.
1089 943 1179 984 anxur,
1192 924 1253 977 inde
1265 928 1382 978 Brunck.
1401 928 1478 979 Attal.
1492 930 1523 977 T.
1540 929 1585 988 llI,
1597 944 1622 992 p.
1637 929 1695 985 285,
1710 943 1738 976 n.
1753 928 1814 979 638.

1046 992 1292 1055 Iaoobe.(Aa2'mad.
1306 993 1356 1043 vol.
1370 995 1415 1052 III,
1426 995 1531 1058 P.II,p.
1545 993 1738 1058 atstappena.
1753 993 1814 1046 223,

1047 1065 1073 1108 et
1084 1058 1193 1109 Boeclh.
1205 1085 1234 1094 —
1247 1060 1340 1108 Franz.
1357 1060 1434 1124 Gorp
1448 1076 1475 1108 n.
1492 1061 1564 1108 3761.
1579 1060 1622 1110 Sic
1635 1066 1748 1109 verterat
1757 1057 1816 1121 qui·

1047 1125 1107 1174 dam
1118 1123 1191 1174 illius
1201 1123 1327 1190 temporis
1341 1125 1527 1190 grammaticus
1539 1141 1545 1174 :

1334 1226 1365 1274 Ia
1382 1223 1532 1276 Aureolum.

1141 1319 1217 1360 Donat
1231 1316 1352 1378 reppulere
1363 1316 1438 1360 vlator
1448 1323 1501 1372 post
1510 1317 1582 1360 multa
1616 1319 1681 1360 renni

1167 1368 1252 1424 praelta,
1265 1381 1314 1424 Jarn
1328 1369 1386 1412 t'elix
1398 1370 1508 1413 ClandIus
1520 1373 1596 1414 Aureo
1607 1382 1644 1412 um
1658 1384 1663 1413 :

1141 1434 1235 1464 munere
1247 1423 1396 1478 prosequitur
1409 1424 1500 1465 mortali
1515 1431 1539 1465 et
1550 1425 1604 1478 J'ure
1619 1430 1738 1478 superstes

1167 1474 1247 1516 vivere
1260 1486 1328 1530 quem
1340 1475 1419 1527 vellet,
1429 1475 1450 1518 sl
1461 1482 1581 1531 pateretur
1593 1488 1657 1518 amor

1141 1527 1222 1569 mititte
1236 1527 1326 1582 egregii
1338 1529 1411 1572 vitam
1423 1529 1462 1585 qui
1473 1528 1528 1583 J'nre
1539 1529 1636 1583 negavit

1167 1579 1272 1622 omnibus
1285 1580 1386 1636 indignis
1397 1587 1423 1624 et
1433 1581 1509 1636 magle
1520 1581 1628 1623 Aureolo.

1141 1631 1183 1674 Ille
1195 1639 1273 1674 tamen
1286 1633 1386 1676 clemens
1407 1635 1446 1690 qui
1457 1634 1561 1689 corporIs
1571 1633 1652 1676 ultInta
1664 1644 1771 1682 serrano,

1169 1691 1195 1728 ut
1209 1691 1300 1740 pontem
1313 1665 1406 1729 Aureoli
1418 1687 1511 1730 dedlcat
1524 1693 1549 1728 et
1562 1685 1680 1730 tumulum.

1050 1783 1126 1832 Hanc
1140 1782 1287 1832 versionem
1302 1783 1415 1836 serravit
1435 1781 1583 1834 Trebellius
1599 1783 1684 1832 Pollio
1698 1782 1725 1831 in
1737 1782 1814 1830 XXX

1051 1849 1232 1909 Tyrannorum
1245 1849 1316 1908 vitis,
1327 1851 1361 1910 X,
1374 1850 1406 1900 de
1415 1850 1542 1910 Aureolo,
1555 1849 1600 1913 qui
1615 1864 1648 1898 ea
1661 1857 1794 1898 memorat
1809 1865 1814 1895 :

1053 1934 1065 1958 ι
1079 1913 1155 1962 Ηιιιιο
1169 1914 1290 1964 eumdem
1301 1915 1445 1964 Aureolum
1460 1915 1597 1974 Claudius,
1609 1914 1746 1964 interiecto
1756 1915 1816 1978 jam

1051 1977 1181 2038 Gallieno,
1197 1981 1320 2030 conflictu
1336 1980 1439 2043 habito,
1459 1981 1529 2045 apud
1546 1995 1606 2029 eum
1626 1986 1733 2045 pontem
1748 1979 1816 2028 inte-

1051 2044 1138 2104 remit,
1154 2045 1198 2109 qui
1220 2061 1289 2096 nunc
1310 2062 1375 2111 pone
1398 2046 1506 2096 Aureoli
1527 2053 1706 2110 nuncupatur,
1734 2053 1816 2108 atque

1051 2110 1121 2172 illic,
1147 2119 1177 2160 ut
1201 2118 1354 2175 tyrannum,
1384 2113 1504 2178 sepulcro
1531 2111 1670 2161 humiliore
1696 2111 1815 2160 donarit.

1052 2178 1131 2227 Extat
1143 2176 1223 2228 etiam
1237 2177 1401 2242 epigramma
1418 2193 1532 2242 graecum
1550 2176 1577 2227 in
1598 2178 1666 2227 hanc
1678 2176 1792 2226 sormam
1809 2192 1815 2224 :

1051 2242 1139 2292 Donat
1156 2259 1183 2292 se
1204 2245 1305 2307 pulcro,
1323 2250 1373 2293 etc.
1392 2245 1463 2306 (Ald.
1481 2247 1544 2294 1519
1563 2259 1570 2292 :
1590 2245 1666 2294 Dona
1679 2243 1816 2306 sepulcro·

1053 2321 1120 2364 rum,
1135 2260 1207 2374 etei.
1227 2337 1257 2346 -
1277 2311 1332 2359 llos
1351 2325 1400 2374 ego
1416 2325 1507 2359 versus
1526 2309 1667 2374 aquodam
1683 2323 1817 2373 gramma-

1052 2373 1104 2424 tico
1128 2376 1271 2426 translatos
1295 2375 1332 2424 ita
1351 2376 1435 2440 posui,
1456 2383 1485 2426 ut
1503 2376 1581 2425 fldem
1600 2390 1740 2434 serrarum,
1761 2390 1818 2422 non

1053 2439 1122 2504 quod
1138 2441 1232 2490 melius
1250 2455 1304 2490 non
1325 2441 1457 2504 potuerint
1476 2441 1623 2498 transferri,
1643 2441 1689 2490 sed
1703 2449 1733 2488 ut
1753 2441 1818 2488 tide-

1053 2505 1114 2556 litas
1126 2505 1243 2556 historiae
1256 2515 1413 2556 servaretur.
1425 2527 1437 2552 ι
1449 2535 1479 2544 -
1491 2507 1529 2557 cs.
1541 2507 1637 2557 Zosim.
1649 2509 1668 2564 l,
1682 2509 1722 2558 11,
1735 2521 1761 2568 p.
1772 2508 1815 2554 54.

1053 2599 1083 2609 -
1097 2573 1143 2622 Vs.
1160 2575 1184 2622 3.
1204 2575 1251 2636 γὰρ
1270 2573 1363 2634 sum,
1378 2573 1432 2640 γἰίρ
1448 2573 1561 2623 Casaub.
1580 2572 1689 2622 correxit
1704 2573 1814 2620 Jacobs.

1052 2665 1081 2674 -
1097 2639 1143 2688 Vs.
1158 2642 1181 2688 t.
1198 2642 1286 2696 ὀπίζων
1302 2655 1350 2704 pro
1363 2641 1516 2704 ὀπιζόμειος.

1085 2779 1196 2828 CXLIV.
1212 2780 1354 2844 Reperitur
1368 2779 1396 2828 in
1408 2779 1470 2829 edit.
1487 2777 1604 2839 Polyaeni
1618 2779 1712 2826 Paner.
1726 2776 1817 2825 hlaus-

1050 2844 1124 2902 vicii,
1137 2845 1221 2909 Lugd.
1239 2847 1332 2897 Batar.
1352 2847 1426 2906 1691,
1442 2845 1517 2894 itt-8⁰.
1533 2871 1563 2880 -
1580 2845 1627 2892 Vs.
1648 2845 1671 2892 1.
1692 2843 1818 2906 Suppleri

1052 2919 1139 2974 potest
1151 2919 1177 2960 et
1191 2913 1264 2962 καλὸν
1279 2912 1320 2961 vel
1333 2913 1398 2978 πρίν.

1085 3043 1184 3092 CXLV.
1196 3043 1284 3093 Edidit
1290 3043 1478 3093 Boissonadius
1486 3057 1517 3091 ex
1525 3041 1614 3091 codice
1624 3038 1746 3090 Parisino
1755 3040 1817 3090 Phi-

1051 3109 1154 3160 lostrati
1165 3109 1198 3159 ad
1206 3109 1323 3174 ejusdem
1331 3109 1667 3172 Herotaa,p.638,tanquam
1679 3106 1818 3172 Agathiae;

1051 3175 1157 3224 Bestius
1183 3183 1281 3236 autem,
1304 3176 1396 3226 eodem
1413 3182 1549 3235 monente,
1569 3174 1618 3222 hos
1638 3186 1732 3223 versus
1754 3173 1816 3222 Pal-

1051 3240 1119 3291 ladae
1131 3241 1271 3306 inscriptos
1280 3240 1380 3291 invenit
1391 3241 1465 3292 alibi.
1479 3239 1567 3290 Codex
1581 3239 1647 3288 alius
1660 3247 1686 3288 et
1696 3237 1740 3288 hio
1755 3254 1819 3302 quo·

1052 3322 1104 3374 que
1117 3307 1262 3367 Parisinus,
1279 3323 1304 3356 n.
1322 3309 1385 3356 1173
1401 3305 1470 3356 Bibl.
1485 3307 1557 3371 publ.
1574 3306 1711 3356 Παλλαδίου
1725 3305 1817 3363 habet,

1052 3387 1199 3439 perperam.
1213 3373 1306 3422 Nullus
1319 3373 1389 3422 euim
1399 3373 1508 3436 hujusce
1519 3369 1632 3422 nominis
1640 3373 1736 3422 citatur
1749 3371 1819 3420 inter

1052 3439 1270 3506 epigrammatum
1294 3445 1394 3503 poetas.
1410 3466 1441 3475 —
1461 3438 1498 3487 Cf.
1525 3437 1641 3502 ejusdem
1664 3437 1765 3486 similes
1787 3437 1822 3485 de

1052 3503 1819 3633 nutaturustututtttttutu·

1079 3687 1090 3710 ι
1108 3671 1181 3713 Arma
1198 3667 1317 3722 virumque
1334 3683 1344 3706 ι
1362 3667 1456 3718 doeens,
1476 3672 1546 3722 atque
1561 3683 1572 3705 ι
1593 3677 1658 3708 arma
1673 3667 1794 3721 utrumqne
1807 3682 1817 3702 ι·

1104 3733 1150 3764 non
1164 3719 1219 3764 duxi
1234 3733 1335 3770 uxorem,
1350 3720 1391 3763 sed
1403 3719 1478 3774 magle
1489 3731 1555 3762 arma
1567 3719 1666 3760 domum.
1709 3719 1819 3774 [peritus.

1078 3777 1136 3818 Nam
1153 3786 1183 3816 ue
1197 3773 1246 3816 dles
1257 3779 1327 3824 totos,
1342 3779 1450 3828 totasque
1466 3784 1496 3814 ex
1511 3771 1590 3814 ordIne
1603 3777 1684 3814 noctes

1104 3787 1183 3870 liuius
1195 3835 1315 3881 oppugnat
1328 3837 1409 3880 meque
1420 3836 1540 3879 meumque
1551 3824 1635 3884 larem.

1080 3883 1154 3935 Atque
1168 3887 1194 3922 ut
1206 3879 1323 3935 perpetuis
1336 3878 1417 3920 dotata
1428 3889 1443 3920 a
1454 3879 1530 3922 Marte
1542 3876 1633 3926 duellis,

1106 3945 1172 3976 mma
1184 3933 1206 3974 in
1221 3945 1256 3974 nte
1270 3931 1338 3984 tollit,
1350 3943 1394 3974 nec
1407 3931 1476 3973 datur
1490 3930 1539 3972 ulla
1553 3931 1630 3984 qutes.

1054 4033 1093 4082 Ex
1105 4029 1222 4080 Pallada
1231 4035 1303 4078 textu
1314 4029 1415 4079 videtur
1429 4026 1455 4077 in
1470 4026 1580 4077 Ausonii
1599 4027 1716 4076 carmine
1730 4028 1821 4092 legen-

1054 4099 1117 4148 dum
1131 4097 1179 4162 (vs.
1196 4096 1221 4160 b)
1235 4099 1331 4156 matre,
1344 4110 1390 4160 pro
1405 4095 1500 4144 Marte.

1086 4227 1196 4278 CXLVI.
1232 4226 1337 4276 Primus
1362 4224 1444 4276 edidit
1467 4241 1497 4274 ex
1525 4225 1630 4275 Stobaao
1657 4224 1704 4290 (l),
1729 4225 1812 4289 liclop

1054 4295 1130 4358 Phys.
1142 4295 1187 4352 IX,
1205 4291 1250 4342 ubi
1265 4291 1321 4342 sine
1333 4291 1447 4342 auctoris
1465 4289 1570 4342 nomine
1592 4301 1642 4351 est,
1663 4291 1747 4340 Aldus
1764 4307 1821 4340 cum

1054 4359 1159 4410 Aatltol.
1170 4357 1282 4409 Piauud.
1297 4359 1345 4407 sub
1354 4359 1535 4407 hoclemmate
1548 4358 1584 4412 είς
1599 4357 1641 4406 τὸν
1657 4359 1821 4420 Πτολεμαῖοι.

1055 4423 1195 4490 Repetiere
1222 4423 1336 4473 Brunck.
1361 4423 1439 4474 Anat.
1459 4425 1490 4472 T.
1515 4423 1560 4484 III,
1580 4439 1606 4488 p.
1622 4425 1648 4473 l.
1666 4421 1729 4472 edit.
1747 4423 1822 4487 Lips.

1057 4493 1086 4542 Τ.
1100 4491 1146 4550 III,
1157 4505 1183 4555 p.
1196 4491 1244 4538 223
1259 4489 1329 4554 (Vid.
1342 4490 1447 4539 Jacobs.
1457 4488 1639 4540 Animadd.T.
1650 4489 1682 4546 Il,
1695 4495 1766 4552 part.
1778 4490 1822 4547 lll,

1057 4574 1082 4622 p.
1099 4557 1146 4606 tac
1156 4554 1294 4620 sq.),IIier.
1307 4555 1403 4605 Bosch.
1416 4555 1521 4605 Autbol.
1532 4555 1642 4606 Plaaud.
1653 4553 1761 4604 Mentis.
1772 4563 1823 4602 ret.

1057 4625 1088 4672 T.
1102 4623 1147 4682 111,
1158 4637 1185 4686 p.
1204 4622 1262 4683 299,
1274 4627 1300 4671 st
1312 4621 1419 4672 Jacobs.
1432 4620 1551 4686 Appeud.
1567 4636 1594 4670 n.
1608 4622 1647 4670 39.
1664 4641 1676 4667 ι
1696 4619 1823 4670 Auctoris

1056 4687 1162 4738 nomine
1175 4688 1253 4751 vulgo
1274 4693 1357 4737 caret.
1376 4687 1411 4736 At
1433 4685 1511 4737 dubio
1535 4686 1608 4737 locus
1622 4701 1674 4736 non
1697 4693 1747 4744 est,
1761 4685 1823 4751 quin

1058 4753 1173 4806 Theonis
1184 4751 1355 4804 Alexandrini
1372 4753 1417 4813 sit,
1433 4753 1507 4818 cujus
1520 4759 1621 4802 exstant
1634 4753 1824 4802 commentaria

1058 4820 1086 4870 in
1099 4818 1234 4870 Ptolemaei
1256 4834 1379 4883 magnam
1396 4819 1614 4868 constructionem
1634 4826 1683 4867 eto.
1699 4837 1711 4862 ο
1726 4819 1775 4866 Br.
1794 4845 1823 4854 -

1057 4888 1104 4938 Vs.
1119 4888 1143 4936 3.
1159 4885 1377 4936 Conlertiacobs.
1387 4883 1476 4934 Manil.
1491 4885 1512 4944 Ι,
1529 4885 1568 4934 13.
1586 4903 1599 4930 ιι
1611 4883 1731 4947 Respicit
1746 4891 1824 4947 poeta

1060 4967 1125 5018 opus
1150 4950 1286 5001 Ptolemaei
1311 4951 1389 5015 louge
1415 4949 1620 5008 nobilissimum,
1644 4951 1688 5008 τὴν
1716 4951 1824 5011 μεγάλην

1060 5018 1170 5074 σύνταξιν
1188 5017 1231 5076 τῆς
1243 5017 1415 5082 ἀστρονομίας,
1430 5016 1457 5065 in
1472 5031 1522 5081 quo
1535 5016 1567 5066 de
1578 5012 1693 5065 motibus
1707 5013 1823 5064 siderum

1061 5092 1088 5134 et
1099 5083 1229 5133 universae
1243 5083 1353 5147 spboerae
1370 5080 1482 5133 caleatis
1499 5080 1601 5132 ratione
1619 5079 1682 5145 egit.
1697 5099 1710 5126 ιι
1721 5079 1781 5131 Iac.
1793 5107 1824 5116 —

1061 5151 1108 5202 Vs.
1125 5151 1150 5199 5.
1164 5169 1177 5196 ι
1192 5149 1262 5213 Opus
1275 5147 1415 5212 significat,
1431 5146 1473 5197 cui
1489 5146 1580 5198 titulus
1594 5147 1750 5213 τιτρίόιολος
1766 5145 1824 5194 σύν·

1062 5217 1127 5272 τοξις
1150 5215 1317 5279 μαθηματική,
1339 5215 1371 5264 de
1391 5213 1622 5278 apotelesmatibus
1645 5219 1672 5262 et
1692 5218 1823 5262 astrorum
