3818 6012
243 412 280 470 8l
822 405 1081 467 ANTHOLOGIAE
1103 405 1254 465 GRAECAE

243 547 340 606 getam.
377 561 389 586 n
414 541 470 591 loe.
492 569 521 578 -
548 541 596 590 Vs.
625 541 666 588 31.
694 537 811 589 ldarmor
843 539 924 588 babet
947 539 1012 588 νειὸν

242 641 291 691 pro
308 627 376 685 νηόν.
400 654 430 662 --
452 626 499 676 νε.
517 627 558 676 33.
578 623 696 674 Marmor
721 617 942 684 ΑΛΕΑῈΘΑΙ,
965 637 1012 687 pro

241 717 374 776 αλεααθαι.

274 807 297 869 β.
316 825 328 849 α
347 801 485 853 Dedicatio
509 807 601 851 statuae
618 799 740 864 Regillae.
762 825 791 834 -
809 798 928 848 Herodes
944 796 1012 847 Atti-

240 886 296 929 cas,
320 870 410 920 consul
444 871 596 926 Romanus,
623 866 650 916 in
677 864 873 915 matrimonium
905 864 1013 914 duxerat

240 935 355 988 Anniam
378 935 524 1000 Regillam,
553 948 670 984 sororem
691 931 772 981 Annii
792 931 867 981 Atilii
890 931 1012 990 Braduas,

242 1018 318 1068 quem
340 1003 373 1070 ad
395 1002 560 1052 consulatum
595 997 744 1066 pervenisse
770 1005 873 1048 coastat
899 1012 960 1049 aaa.
986 1013 1011 1062 p.

242 1071 301 1119 Chr.
325 1071 381 1128 133,
400 1067 529 1119 Hadriani
556 1065 727 1130 temporibus.
742 1066 805 1114 Erat
821 1063 916 1114 mulier
928 1071 954 1114 et
969 1079 1013 1129 ge-

240 1135 311 1186 neris
327 1135 464 1186 nobilitate
481 1141 507 1184 et
532 1131 681 1184 divitiarum
693 1132 769 1196 copia
781 1131 901 1190 illustris,
916 1130 1013 1195 quippe

241 1218 298 1268 quse
313 1201 417 1266 generis
427 1200 556 1265 originem
577 1201 610 1250 ah
622 1201 710 1250 AEaea
721 1199 865 1262 repetebat,
877 1203 903 1246 et
915 1195 1015 1273 praedia

241 1269 305 1319 satis
316 1269 403 1333 ampla
418 1268 530 1318 adriam
551 1266 675 1331 Appiam,
694 1264 739 1314 abi
752 1264 864 1314 Herodis
877 1263 1013 1328 Triopium

240 1343 311 1395 erat,
332 1333 428 1385 marito
450 1335 478 1384 in
498 1335 586 1384 dotem
612 1333 745 1382 attulerat.
770 1332 888 1389 Quatuor
908 1329 1014 1394 Regilla

241 1401 339 1452 Herodi
359 1399 457 1452 liberos
484 1407 623 1468 pepererat
648 1397 691 1462 (cl.
717 1413 769 1447 vss.
794 1399 834 1446 15.
858 1399 917 1460 sq),
938 1397 1014 1445 binas

241 1467 319 1524 filias,
335 1468 561 1519 Panathenaidem
575 1475 601 1517 et
612 1463 763 1532 Elpinicen,
778 1470 803 1512 et
815 1463 924 1512 totidem
934 1461 1012 1520 lilios,

241 1550 422 1598 qaorumunas
431 1535 544 1592 Atticus,
555 1533 667 1599 insignis
682 1531 797 1596 stuporis
807 1527 1012 1594 puerlPhilostr.

241 1601 352 1666 Sophisl.
362 1601 459 1651 Herod.
467 1603 532 1666 X.p.
543 1603 589 1650 557
600 1600 661 1664 sq).
674 1596 777 1647 Nobilis
785 1597 842 1646 haec
852 1594 1013 1645 mulieroum

240 1677 360 1716 octavum
377 1683 474 1718 annum
484 1668 541 1732 jam
553 1681 670 1716 manaem
691 1663 810 1729 gravida,
829 1661 916 1712 subita
929 1669 1013 1710 morte

241 1733 374 1798 periisset,
401 1749 511 1799 caraque
538 1739 635 1791 essent,
666 1731 710 1796 qui
732 1745 791 1780 eam
819 1727 896 1793 jussu
925 1726 1013 1778 mariti

239 1799 392 1850 verberibus
416 1801 538 1851 affectam
560 1797 670 1865 periisse
699 1797 829 1856 dicerent,
856 1795 976 1845 Herodes
998 1809 1013 1845 a

240 1865 321 1916 fratre
343 1866 472 1917 deiunctae
496 1865 614 1916 mulieris
635 1863 663 1913 in
682 1863 811 1930 judiciam
834 1869 952 1922 vocatus,
967 1862 1013 1912 sed

240 1931 358 1982 criminis
370 1934 506 1983 absolutas
521 1940 570 1984 est.
584 1931 657 1982 Nihil
673 1937 759 1980 autem
775 1927 872 1990 omisit,
889 1943 940 1994 quo
954 1943 1011 1977 con-

238 1998 310 2064 jugis
335 1999 489 2050 memoriam
518 1999 626 2049 coleret.
660 1997 803 2047 Theatrum
826 1995 851 2044 ei
886 1994 1014 2044 exstruxit

240 2065 351 2115 Athenis
377 2067 470 2116 eodem
495 2065 553 2116 loco
582 2079 633 2129 quo
658 2063 761 2140 sepulta
781 2067 849 2122 erat,
875 2068 905 2111 ιιι
926 2061 1012 2124 ἡρῴου

241 2133 300 2182 loco
313 2139 396 2192 esset;
413 2132 491 2197 idque
507 2139 586 2182 tantae
608 2129 812 2194 magnificentiae
834 2127 914 2177 luisse
931 2127 1013 2177 tradit

242 2197 427 2256 Philostratus,
454 2213 495 2264 op.
521 2200 564 2248 cil.
588 2198 621 2246 V.
644 2203 673 2246 ut
699 2196 725 2245 ia
751 2194 872 2246 omnibus
899 2192 1013 2244 Romani

241 2264 345 2330 imperii
369 2265 448 2316 terris
467 2265 568 2315 nullam
590 2261 630 2312 sal
652 2261 737 2312 simile
757 2261 889 2312 habuerit.
912 2260 1012 2310 Deinde

241 2331 321 2382 etiam
335 2347 440 2382 omnem
458 2332 515 2398 ejas
533 2337 655 2380 ornatum
673 2328 827 2378 muliebrem
844 2327 968 2378 Eleusine
986 2325 1012 2376 ia

242 2398 345 2448 Cereris
365 2399 462 2463 templo
486 2396 625 2448 dedicavit.
655 2395 720 2444 Cam
741 2402 828 2445 autem
853 2393 880 2444 ia
905 2392 1012 2458 Triopio

241 2481 288 2515 suo
301 2466 410 2516 haberet
424 2465 513 2516 lanum
527 2473 553 2514 et
563 2462 651 2513 Cereri
668 2461 817 2512 dedicatum
835 2467 861 2510 et
869 2460 1011 2520 Faustinae,

244 2532 353 2596 Regillae
372 2539 486 2582 statuam
508 2531 534 2581 in
559 2531 609 2580 hoc
632 2529 694 2578 lano
718 2527 813 2594 posuit,
837 2535 866 2577 ut
889 2535 1014 2591 tanquam

242 2598 352 2649 heroiaa
369 2611 395 2648 et
415 2598 546 2664 majorum
563 2597 668 2646 illarum
688 2595 796 2646 dearum
819 2594 925 2649 σύνναος
945 2593 1014 2643 cole-

242 2673 323 2715 retur.
340 2665 382 2716 Ad
401 2665 479 2732 hujus
493 2664 627 2714 simulacri
640 2659 869 2712 consecrationem
886 2667 1014 2710 matronas

242 2733 369 2782 Romanae
379 2731 522 2782 invitantur
531 2732 581 2781 hoc
594 2729 719 2780 carmine.
735 2747 747 2772 ν
760 2728 816 2778 lac.
834 2755 862 2764 -
871 2727 918 2776 Va.
936 2730 959 2776 l.
968 2727 1014 2776 da-

243 2800 314 2848 cobs.
327 2799 394 2849 ποτί.
406 2827 436 2836 -
448 2800 494 2848 Va.
510 2799 556 2856 11,
568 2796 605 2848 id.
617 2799 730 2862 “Apsarus
744 2795 870 2852 κλωιῶις,
884 2815 897 2840 u
911 2794 1012 2852 Parcae,

243 2881 300 2930 quse
310 2865 450 2916 immatura
463 2871 547 2915 morte
557 2863 733 2914 exstinxerunt
751 2860 865 2910 infantes
880 2859 950 2910 illos.
961 2879 1015 2905 ›v-

242 2933 289 2982 Vs.
304 2934 342 2982 19.
357 2941 418 2983 cett.
436 2939 465 2982 at
483 2947 607 2988 marmor,
622 2931 731 2995 ἐρίηρον,
751 2927 888 2978 Proehner.
906 2927 1012 2992 ἐρίηρον.

244 3027 273 3036 -
291 2999 338 3048 νε.
353 3001 393 3048 23.
417 2999 533 3056 3ασι1σὺς
550 3007 590 3047 εει
608 2996 644 3046 M.
662 2994 785 3046 Aurelius
804 2993 961 3043 Antoninus.
983 3021 1012 3030 -

243 3067 289 3115 Vs.
310 3067 350 3115 22.
371 3065 476 3130 Jupiter
495 3065 642 3130 Zephyrum
661 3061 742 3128 jussit
757 3059 894 3110 mulierem
910 3060 937 3109 ia
953 3061 1015 3108 hea-

244 3141 330 3181 torum
352 3133 427 3182 sedes
447 3132 594 3182 traducere.
620 3129 816 3179 Obversabatur
837 3133 921 3191 poetae
942 3127 1015 3176 locus

244 3197 353 3248 Homeri
367 3199 394 3248 in
410 3199 458 3248 od.
473 3203 503 3256 Δ,
519 3199 565 3247 563
583 3211 638 3263 sqq.
656 3225 686 3234 -
700 3195 746 3244 Vs.
765 3195 805 3244 21.
822 3194 901 3257 vulgo
921 3191 1013 3255 αἴγλης,

245 3265 363 3314 Viscont.
383 3271 409 3314 et
422 3265 560 3315 Froehner.
581 3263 667 3325 αὐγῆς.
692 3289 722 3298 -
739 3261 786 3310 νε.
808 3261 849 3310 29.
865 3259 1015 3309 Matilatum

245 3331 283 3381 sic
304 3330 418 3380 restituit
439 3330 586 3381 Salmasius
607 3327 712 3378 atinde
734 3327 849 3378 Brunclr.
873 3333 951 3390 atque
974 3326 1016 3374 Ja-

246 3397 350 3447 cohsius
373 3413 378 3446 :
408 3397 531 3460 σύμὸσισυ
560 3397 716 3446 Αὐσονίοισιν
745 3393 883 3458 iuravisset
907 3393 1014 3458 γιραιὸν.

246 3464 409 3516 Nouissimas
430 3463 514 3514 editor
537 3478 579 3528 ap.
608 3462 715 3512 Jacobs.
747 3475 753 3508 :
780 3459 861 3510 υἱάσιν
888 3458 1015 3509 Adrastos

246 3531 402 3595 ιύηγενὲισσι
414 3536 501 3596 γσρᾶα.
518 3531 549 3580 G.
572 3527 675 3578 Kaibel.
694 3543 721 3576 ιι.
743 3527 805 3578 1313
821 3541 845 3576 a.
864 3526 1017 3590 lupsvathtl·

246 3599 336 3654 σονίσις
348 3597 517 3662 ιύ]ηγενὲεσσι
528 3597 649 3663 vs'palrla.
665 3592 805 3645 Froehneri
825 3591 1017 3643 restitutionem

247 3665 374 3715 dedimus.
387 3691 417 3701 ·-
428 3665 474 3713 νε.
487 3665 527 3713 33.
540 3677 631 3712 omnes
640 3663 724 3727 Κήρυξ
736 3660 768 3710 de
779 3675 830 3724 quo
844 3661 859 3709 J
862 3658 961 3709 acobsii
972 3673 1017 3707 ao·

247 3745 301 3781 tam
309 3731 376 3789 vide,
384 3747 415 3780 ex
423 3729 542 3780 versione
552 3728 648 3794 gallica
656 3729 755 3790 Deheq.
765 3726 931 3791 reposuimus
939 3725 1016 3784 Κήῡξ.

249 3827 278 3836 -
293 3799 339 3848 νε.
350 3799 391 3846 31.
403 3813 460 3862 sqq.
470 3818 481 3842 ι
493 3793 771 3846 Salmasiiversioaem
786 3791 898 3842 correxit
910 3790 1018 3840 Viscon-

248 3873 299 3924 tus,
311 3879 368 3928 quae
383 3863 443 3913 talis
453 3871 527 3912 erat:
544 3861 589 3912 Sic
604 3869 629 3911 et
639 3862 792 3920 honoratur,
806 3858 843 3908 sic
859 3857 964 3907 nomine
980 3857 1018 3905 di·

249 3945 315 3994 gnas
324 3931 447 3988 habetar3
456 3931 468 3993 ll
478 3928 530 3978 Olli
538 3928 634 3992 quippe
644 3927 734 3977 datum
742 3924 842 3975 domini
852 3931 953 3988 partem
960 3938 1018 3973 esse

249 4003 364 4046 senatus.
380 3997 395 4057 ll
408 3995 463 4044 Nec
477 4010 635 4060 quemquam
652 3993 743 4042 Hellas
761 3993 841 4042 habet
856 4006 951 4055 genere
964 3991 1017 4039 elo-

250 4061 341 4126 quiere
350 4059 564 4126 priorem31hino
573 4057 897 4124 illamlinguamvooitant
906 4055 1018 4106 Herodis

249 4129 369 4178 Athenoe.
392 4154 422 4164 —
447 4128 492 4176 νε.
516 4129 556 4176 12.
577 4142 702 4177 ιιιιιιιιιοι.
722 4127 742 4174 el
768 4126 795 4174 δέ
812 4141 859 4181 τοι,
879 4125 1018 4180 ΕΙΔΕΤΟΙ,

249 4192 398 4244 emendavit
419 4193 540 4242 Orellius.
561 4220 591 4230 -
614 4194 660 4242 νε.
681 4194 721 4249 19,
748 4189 868 4241 Visconti
888 4187 1019 4240 restitutio

249 4269 298 4319 est,
312 4267 338 4310 et
357 4258 497 4308 verbialia
512 4261 535 4308 ol
556 4259 635 4324 πάρος
657 4259 739 4334 εὐρέες
759 4257 831 4322 ἀγροί
854 4278 866 4302 a
890 4256 1020 4306 indicatur

249 4328 309 4377 illas
320 4324 509 4392 possessiones,
525 4339 589 4388 quas
603 4323 704 4389 Triopri
722 4323 828 4374 nomine
840 4323 1021 4388 appellaverat

250 4393 377 4452 Herodes,
388 4391 499 4456 Regilla
508 4391 571 4441 olim
580 4389 669 4440 luisse.
684 4390 756 4440 ldem
771 4389 886 4439 affirmat
899 4390 1021 4438 columna

250 4459 399 4524 Capitolina
423 4473 429 4508 ι
457 4459 544 4508 Anaia
568 4456 681 4522 llepv'lla,
704 4457 812 4506 Herodis
833 4471 910 4516 uror,
934 4455 1021 4504 lumea

250 4527 351 4586 damas,
374 4527 448 4592 cujas
470 4525 522 4574 lac
540 4525 643 4589 pradia
667 4523 786 4586 fuerant.
811 4541 823 4566 υ
842 4523 898 4572 lae.
923 4522 972 4570 llic
996 4527 1021 4570 et

251 4593 389 4642 emendata
408 4603 447 4641 est
465 4590 589 4641 Salmaaii
601 4589 687 4640 versio
705 4604 762 4654 quae
778 4603 810 4637 ea
826 4595 884 4639 erat
957 4587 1022 4636 satis

252 4659 377 4723 templum
393 4657 545 4724 praetexitur
562 4657 643 4722 agris.
661 4683 691 4694 —
710 4657 756 4706 νε.
775 4657 814 4711 53,
829 4654 953 4704 Sahnasii
964 4669 1021 4703 ver-

251 4725 290 4774 sio
305 4740 382 4789 qaam
398 4725 513 4775 correxit
531 4723 673 4776 Viscontas
693 4739 699 4772 :
719 4722 778 4788 ipsa
800 4722 897 4772 etenim
920 4719 1023 4784 Elysias

250 4793 401 4841 moderatur
415 4793 479 4842 diua
495 4792 615 4842 choreas.

286 4911 406 4962 CCLXV.
443 4911 585 4970 Salamine,
615 4909 641 4959 in
668 4907 726 4958 basi
754 4923 812 4973 qaae
842 4906 913 4956 haud
947 4906 1025 4956 dahie

253 4977 376 5027 Eleusine
407 4977 569 5028 Salaminem
595 4977 725 5027 translata
757 4981 822 5026 erat.
850 4974 888 5022 Ex
920 4973 1024 5023 schedis

253 5044 406 5162 Foqqqronti
433 5043 515 5094 edidit
542 5045 651 5094 Boeclih.
680 5043 758 5108 Colp.
784 5044 862 5092 inser.
885 5055 927 5106 qr.
955 5047 975 5090 t.
1003 5041 1024 5100 1,

253 5127 280 5160 ιι.
349 5147 355 5160 .

288 5231 421 5281 CCLXVI.
454 5229 582 5280 Eleusine.
615 5231 653 5279 Ex
683 5228 788 5280 schedis
818 5227 1025 5279 Cockerellianis

255 5297 337 5350 edidit
348 5295 464 5364 Walpol.
481 5297 592 5359 Trauels,
606 5311 631 5361 p.
649 5297 707 5356 513,
718 5313 744 5349 ιι.
752 5299 793 5347 31.
802 5294 938 5346 Tractevit
950 5295 1024 5344 Wel·

1066 538 1138 587 cher.
1161 536 1252 602 Spicil.
1270 537 1361 602 lipiqr.
1384 535 1418 596 Il,
1442 553 1467 600 p.
1489 536 1531 585 23.
1555 563 1585 572 -
1605 536 1652 585 νε.
1676 538 1698 588 l.
1722 537 1836 586 Μυατῶν

1065 605 1168 720 ἒγηὸτρςρ
1183 603 1423 719 ἓεειᾶὴρυσταγωγός.
1443 603 1482 652 De
1505 601 1611 652 homine
1634 601 1693 652 vide
1722 609 1837 651 stemma

1101 803 1246 853 CCLXVll.
1272 802 1377 867 Ephesi.
1398 800 1488 850 Edidit
1508 799 1670 850 Cbishallius
1691 801 1754 850 Anti
1772 803 1836 850 aitt.

1067 871 1144 920 astat.
1165 870 1195 918 P.
1212 870 1245 926 ll,
1265 883 1291 932 p.
1307 871 1338 928 1;
1363 874 1404 917 εει
1423 873 1449 916 et
1467 867 1535 931 apud
1555 867 1670 916 Branch.
1691 817 1769 916 Αηαά
1789 869 1838 922 111,

1069 953 1094 1002 p.
1113 937 1170 996 181,
1183 951 1210 985 a.
1227 937 1284 994 112,
1300 935 1397 984 Jacobs
1415 933 1485 998 (Vid.
1500 933 1654 983 Aninvadvo.
1672 941 1691 982 t.
1705 935 1750 992 lll,
1767 935 1799 982 P.
1815 935 1837 992 l,

1068 1019 1093 1070 p.
1109 1003 1178 1068 335),
1192 1001 1311 1067 Append.
1328 1017 1355 1050 n.
1372 1002 1429 1060 365,
1447 1000 1556 1050 Boeclrh.
1572 1000 1651 1066 Corp.
1665 1015 1692 1049 a.
1707 1002 1781 1050 2931.
1804 1029 1836 1037 -

1068 1071 1114 1120 νε.
1135 1071 1159 1118 2.
1184 1090 1197 1114 ιι
1216 1070 1265 1118 ὑπὸ
1287 1067 1376 1136 arata]
1395 1065 1492 1130 saepias
1514 1067 1610 1117 mortui
1629 1067 1785 1126 conduntur,
1808 1079 1838 1114 ιιι

1068 1137 1164 1186 doceat
1176 1135 1284 1185 llnthol.
1298 1133 1500 1200 epigrammata.
1516 1153 1528 1178 ι
1552 1134 1582 1184 G.
1599 1135 1632 1184 K.
1655 1161 1686 1172 -
1699 1133 1736 1184 Cf.
1754 1135 1836 1183 llom.
1896 1141 1897 1170 ι

1068 1203 1144 1253 Iliad.
1157 1203 1185 1262 T,
1199 1203 1247 1252 113
1259 1216 1300 1266 eq.

1102 1337 1259 1387 CCLXVIII.
1281 1335 1437 1386 OEnoaadis.
1451 1335 1596 1386 Edideruat
1616 1336 1708 1400 Spratt
1728 1339 1754 1382 et
1770 1333 1837 1384 Por·
1897 1327 1898 1334 ’

1070 1407 1126 1460 hes,
1140 1403 1173 1460 ll,
1188 1419 1214 1468 p.
1235 1404 1294 1460 293,
1309 1401 1370 1452 inde
1385 1403 1516 1452 B.-Fraaa
1535 1403 1613 1468 θυαμ.
1635 1418 1660 1450 n.
1682 1401 1745 1450 1333
1760 1415 1797 1448 ιιι.
1811 1413 1840 1448 et

1069 1470 1189 1546 raama
1213 1485 1239 1534 p.
1267 1471 1345 1528 ιιει,
1367 1476 1501 1534 postremo
1520 1469 1570 1518 ra.
1594 1469 1680 1518 aenas
1704 1475 1732 1517 a
1751 1467 1837 1516 aaa·
1898 1448 1899 1476 ¹

1069 1537 1189 1602 dmgton.
1214 1537 1347 1601 Inscriptt.
1373 1551 1437 1594 rec..
1466 1543 1516 1584 etc.
1541 1551 1567 1584 n.
1593 1536 1666 1584 1233.
1693 1561 1723 1571 -
1748 1533 1839 1596 Supra

1070 1603 1276 1668 scriptumest:
1298 1599 1517 1664 Ἀγωνοιετοῖιντος
1540 1601 1645 1651 Ἰουλίου
1664 1599 1771 1649 Λουκίου
1788 1601 1839 1648 Πε-
1899 1640 1900 1646 ,

1069 1671 1146 1721 uilior
1158 1671 1311 1736 Εὐαρέσταυ,
1320 1667 1509 1734 πανηγύρεωςέ
1520 1667 1643 1732 [ἀγώνων]
1654 1667 1839 1733 Εὐαρισιείων,

1069 1729 1098 1796 ἧς
1114 1737 1189 1794 αὐτὸς
1206 1737 1376 1794 συνεστήσατο
1395 1735 1420 1790 ἐξ
1443 1735 1540 1784 alarias
1563 1735 1709 1800 χρημάτων,
1728 1731 1840 1782 llo'nlta:

1070 1805 1166 1860 Σθένισς
1178 1804 1296 1882 Φρόντων
1306 1802 1461 1884 manaverat,
1479 1802 1531 1856 υἱὸς
1542 1801 1652 1882 Ποπλίου
1666 1800 1837 1874 Δικιννιαυοῡ.

1069 1871 1181 1934 acephala
1198 1871 1293 1936 ἀνδρων
1308 1885 1459 1934 παγαρατιαν
1472 1867 1556 1918 κοινὸν
1577 1869 1687 1941 aaaron..
1709 1865 1801 1912 -1ε,
1821 1866 1837 1912 3

1068 1938 1221 2002 παγκράτιον
1240 1934 1322 1986 κοινὸν
1336 1936 1435 1984 Δυαίων
1452 1941 1493 1983 est
1509 1948 1577 1982 uuus
1589 1949 1619 1981 ex
1630 1931 1700 1982 ludis
1713 1931 1745 1980 ah
1761 1945 1837 1980 com-

1069 2003 1142 2052 muni
1165 2001 1303 2066 Lyciorum
1327 1999 1439 2050 concilio
1459 1998 1586 2050 institutis
1605 1997 1767 2062 habitisque,
1790 1996 1839 2059 qui

1068 2069 1304 2186 apppmlpqqqpars
1316 2074 1400 2118 erant.
1411 2095 1441 2104 -
1451 2067 1483 2116 V.
1491 2066 1527 2116 Le
1537 2067 1590 2116 Bas
1603 2073 1629 2114 et
1641 2062 1836 2127 Waddingtoa,

1069 2151 1078 2186 ι
1126 2151 1173 2185 .n.
1258 2172 1264 2184 .

1103 2269 1236 2320 chx1x.
1258 2265 1410 2333 Apollonia.
1429 2264 1505 2316 Edid.
1525 2263 1663 2322 Arundell,
1687 2263 1790 2312 Discoa
1808 2263 1838 2310 ia

1069 2336 1132 2386 Asia
1141 2334 1270 2392 minutii,
1278 2351 1303 2399 p.
1312 2335 1358 2383 128
1366 2349 1373 2392 ;
1381 2331 1487 2397 repetiit
1499 2329 1746 2381 Boeclrh.-Fraaz.C.
1754 2330 1837 2378 inser.

1070 2419 1111 2468 pr.
1127 2409 1147 2452 t.
1163 2403 1207 2462 lll,
1224 2417 1250 2466 p.
1267 2400 1307 2460 53,
1319 2416 1346 2449 ιι.
1357 2401 1431 2450 3913.
1446 2399 1545 2449 Damus
1558 2413 1588 2447 ex
1601 2398 1636 2448 Le
1646 2397 1697 2446 Bas
1711 2402 1737 2445 et
1751 2395 1838 2444 Wad-

1071 2469 1191 2535 dingtoa,
1207 2468 1327 2531 lvsscript.
1345 2482 1387 2530 pr.
1405 2470 1431 2515 et
1448 2465 1494 2516 lat.
1513 2481 1539 2531 p.
1554 2465 1606 2525 lV;
1622 2471 1686 2514 sect.
1707 2463 1751 2523 lx,
1766 2461 1838 2510 Pisi-

1072 2536 1125 2594 dia,
1140 2537 1173 2595 11,
1186 2533 1338 2599 Apollonia,
1354 2549 1380 2582 n.
1395 2533 1468 2582 1192.

1105 2604 1192 2666 Sapra
1216 2600 1343 2663 scriptum
1363 2599 1434 2654 ἔτους
1455 2603 1507 2661 tar,
1535 2597 1629 2663 quibus
1652 2597 1771 2662 signatur
1792 2608 1841 2643 an-

1072 2685 1121 2720 nas
1132 2670 1179 2717 211
1196 2667 1244 2732 (Cf.
1262 2667 1367 2716 aare
1382 2665 1510 2715 Addeada
1523 2668 1548 2714 et
1557 2663 1732 2730 corripienda).
1748 2661 1796 2710 Vs.
1813 2663 1838 2718 l,

1072 2734 1117 2786 ahi
1140 2734 1208 2799 lapis
1229 2734 1308 2784 habet
1328 2733 1473 2795 γειοαρότας
1496 2729 1743 2781 Boeclrh.-Frsnaius
1760 2727 1838 2790 legit,

1073 2800 1159 2852 inutili
1184 2798 1347 2850 correctione
1367 2801 1412 2862 γῆς
1431 2798 1537 2864 ἀρότας;
1559 2805 1604 2848 aut
1624 2812 1671 2861 pro
1693 2793 1839 2857 dissyllaba

1073 2861 1769 2986 ttltl'lttltt{tltttsl‘ltlrllattll
1780 2859 1838 2975 qq.

1073 2972 1152 3054 Antl'.
1167 2951 1226 3052 i’al.
1238 2949 1284 3059 ix,
1303 3001 1334 3049 23
1348 3015 1354 3046 :
1372 2999 1504 3064 Γειαρόιης
1519 2946 1661 3064 ”appianae
1677 3003 1703 3045 et
1720 2942 1839 3050 Ariihigae,

1073 3069 1101 3119 in
1115 3069 1194 3120 lata.
1209 3067 1322 3118 Planad.
1338 3066 1383 3124 lV,
1395 3067 1426 3116 ul
1439 3081 1445 3113 ε
1459 3063 1580 3128 Ληινὸμοι
1592 3063 1718 3128 vorapium
1729 3063 1839 3122 Νεμέης.

1075 3163 1105 3174 -
1120 3137 1166 3184 Vs.
1184 3137 1208 3184 2.
1226 3133 1316 3189 «Τοὺς
1335 3132 1451 3195 Δυαιμεῑς
1462 3131 1565 3181 videtur
1579 3145 1637 3180 esse
1652 3129 1688 3188 id,
1703 3128 1772 3194 quod
1791 3131 1842 3176 Δο-

1074 3201 1194 3264 κιμηνσύς
1216 3199 1317 3250 scilicet
1337 3214 1369 3248 ex
1392 3213 1523 3248 marmore
1542 3195 1685 3246 Docimeno
1712 3195 1809 3250 factos,
1827 3213 1840 3236 a

1074 3269 1145 3332 (Vid.
1162 3267 1282 3317 thesaur.
1298 3265 1363 3329 lina.
1378 3265 1423 3316 Gr.
1437 3279 1459 3314 s.
1471 3280 1494 3312 v.
1506 3265 1647 3327 desiperes,
1658 3261 1704 3312 uhi
1717 3260 1843 3312 laudatur

1074 3335 1202 3399 Stephan.
1223 3333 1284 3396 Byz.
1304 3347 1310 3380 ι
1334 3332 1368 3381 Τὸ
1394 3331 1489 3380 ἐθυιιιὸν
1511 3331 1634 3392 Δσκιμιὺς
1652 3330 1716 3379 κατὰ
1740 3329 1841 3392 τέχνην,

1075 3405 1139 3486 aava
1153 3402 1179 3450 δὲ
1193 3402 1236 3482 rip
1254 3400 1383 3480 συνήθειαν
1401 3397 1553 3461 Δακιμηνός·
1568 3397 1607 3458 ἀρ’
1627 3387 1655 3446 οὗ
1670 3396 1701 3444 τὰ
1721 3395 1843 3474 ςιάρμαρα

1074 3461 1843 3596 rannrnna:tr-..ranarum

1075 3601 1137 3650 dell.
1150 3601 1266 3666 13ρυσας;
1277 3596 1322 3646 uhi
1341 3613 1372 3646 ex
1383 3611 1450 3646 novo
1466 3596 1619 3660 apographo
1632 3594 1729 3644 ceraue
1743 3593 1844 3658 legitur

1075 3668 1188 3728 κύδηνας.
1205 3665 1339 3731 Τρόαμοις,
1353 3678 1418 3727 geas
1429 3663 1540 3712 Galatiae
1552 3661 1667 3712 Trocmi.

1110 3799 1231 3848 CCLXX.
1263 3795 1388 3846 Trallibus
1415 3795 1602 3859 (Gazelhissar)
1634 3794 1661 3844 in
1688 3791 1843 3842 coemeterio

1076 3863 1276 3924 Armeniorum
1291 3863 1360 3912 edid.
1381 3862 1496 3912 Pocoola.
1511 3862 1644 3926 Inscriptt.
1662 3864 1719 3910 ant.
1736 3859 1757 3916 l,
1773 3861 1800 3919 2,
1816 3861 1842 3914 9,

1077 3949 1103 3998 p.
1122 3933 1159 3990 ll,
1169 3947 1195 3980 ιι.
1211 3934 1222 3980 1
1233 3947 1239 3990 ;
1253 3929 1321 3994 quod
1332 3927 1480 3994 exemplam
1492 3926 1602 3978 tentavit
1612 3927 1736 3977 Letroan.
1747 3925 1843 3974 lcum.

1077 3999 1123 4050 des
1136 3999 1196 4048 Sua.
1217 3998 1289 4055 1325,
1310 3997 1362 4046 Jul.
1377 4011 1403 4060 p.
1425 3997 1482 4046 399.
1503 3995 1540 4044 Ex
1558 3993 1599 4044 his
1617 3993 1751 4042 Welclrer.
1773 3991 1843 4055 Syll.

1077 4066 1169 4130 Epipr.
1188 4063 1250 4113 edit.
1272 4063 1329 4122 alt.,
1349 4078 1374 4127 p.
1394 4064 1452 4112 213.
1468 4061 1577 4111 ΒοευΙιΙι.
1593 4075 1620 4109 ιι.
1636 4061 1710 4110 2933.
1727 4085 1758 4095 -
1777 4059 1845 4108 Post

1078 4139 1132 4182 tres
1152 4145 1243 4181 versas
1261 4128 1357 4194 legitur
1380 4128 1408 4178 in
1428 4128 1525 4178 titulo:
1551 4125 1780 4189 Ἀγωνσθιτυύντων
1801 4127 1845 4175 καὶ

1078 4199 1214 4249 ἀναθέντων
1230 4197 1288 4252 τοὺς
1300 4196 1444 4261 ἀνδριάντας
1456 4197 1490 4244 Μ.
1507 4194 1568 4261 alp.
1582 4193 1718 4258 Συμμάχσυ
1730 4191 1845 4242 Κυανῑσυ

1078 4265 1119 4315 καὶ
1128 4265 1231 4330 Μ.Δὺρ.
1242 4263 1368 4328 Ἑρμείου.
1377 4289 1406 4298 -
1418 4262 1463 4310 νε.
1474 4263 1496 4310 3.
1507 4275 1555 4325 pro
1563 4261 1691 4324 ἀταράἑος,
1700 4258 1767 4323 quod
1779 4273 1846 4308 sane

1076 4331 1216 4397 legendam
1237 4337 1292 4391 est,
1322 4327 1390 4394 lapis
1418 4328 1515 4378 hahere
1538 4325 1642 4376 videtur
1662 4325 1780 4392 ἀταρΰές,
1806 4326 1846 4375 sic

1081 4408 1280 4469 ΑΤΑΡΒΕΕ.

1111 4561 1243 4611 CCLXXI.
1259 4560 1376 4610 Marmor
1389 4555 1477 4623 Elgia.
1493 4556 1612 4607 Viscont.
1627 4571 1654 4607 ιι.
1671 4557 1712 4606 13.
1732 4557 1845 4620 Synops.

1077 4630 1144 4678 aas.
1158 4629 1227 4688 Brit.
1242 4642 1268 4675 n.
1286 4629 1347 4687 191ς
1366 4627 1462 4686 Lebas,
1474 4624 1590 4690 Attiqae,
1606 4624 1637 4672 P.
1657 4624 1678 4684 1,
1693 4639 1720 4672 n.
1736 4624 1800 4683 3373
1817 4639 1848 4671 ex

1078 4695 1182 4744 schedis
1201 4708 1217 4744 a
1233 4692 1329 4742 Roseio
1346 4691 1434 4742 missia
1457 4690 1539 4742 edidit
1558 4691 1668 4740 Boeokh.
1683 4691 1761 4754 Carp.
1781 4695 1802 4737 t.
1825 4689 1847 4749 1,

1079 4777 1104 4811 n.
1125 4763 1187 4820 4023
1202 4759 1309 4825 repetiit
1322 4775 1352 4808 ex
1373 4759 1461 4824 lapide
1476 4759 1597 4820 Nevvtou,
1616 4757 1681 4808 Aac.
1699 4757 1743 4806 Gr.
1763 4757 1846 4805 inser.

1080 4829 1145 4878 Brit.
1160 4829 1226 4878 llas.
1246 4841 1273 4875 ιι.
1288 4841 1332 4876 ιιι.
1350 4825 1472 4876 lambicis
1484 4825 1589 4876 subdita
1608 4831 1669 4874 sunt
1681 4824 1737 4872 haec
1752 4823 1849 4872 ιΚατὰ

1079 4896 1107 4944 τὸ
1129 4895 1278 4960 ιπιρώιημα
1296 4893 1345 4942 τῶν
1365 4893 1512 4958 συνεδρίων·
1533 4893 1649 4957 ἱερέως...
1685 4889 1850 4952 Ἀγαθὸποδυς

1079 4961 1188 5017 Φλυέως.
1201 4980 1213 5006 υ
1225 4958 1328 5009 Titulus
1338 4965 1432 5009 statuae
1447 4957 1612 5023 subscriptus
1625 4955 1739 5006 ministri
1751 4955 1850 5004 AEscu-

1079 5027 1143 5092 lapii
1165 5026 1287 5083 taediseri,
1308 5025 1352 5090 qui
1374 5025 1451 5085 olim,
1473 5033 1599 5090 quantum
1622 5023 1707 5080 viden,
1727 5021 1849 5086 equitum

1079 5095 1129 5144 dux
1141 5093 1225 5143 luerat
1239 5099 1266 5141 et
1276 5093 1375 5142 archon
1393 5107 1554 5156 eponymus:
1569 5090 1615 5141 sed
1629 5097 1684 5139 tum
1699 5103 1780 5152 qaum
1793 5097 1849 5138 sta-

1079 5167 1124 5210 tua
1149 5159 1328 5220 dedicaretur,
1356 5157 1459 5208 taedifer
1484 5158 1563 5208 luit...
1592 5156 1748 5220 synedrium
1774 5155 1848 5206 haud

1079 5225 1156 5276 dubie
1176 5223 1318 5276 concilium
1343 5225 1509 5276 sacerdotum
1528 5231 1576 5284 est,
1600 5225 1654 5289 ιερὰ
1680 5221 1815 5298 γερουσίαι
1835 5241 1848 5266 υ

1078 5292 1164 5375 roelpa
