3858 6018
233 469 292 526 uto

239 598 407 676 Νορνοντίων
423 601 588 673 κατάκειμαι
600 595 698 660 λιπὼν,
714 594 811 659 πένθος
821 599 950 672 γονεοῖσι·

239 689 316 760 τάμά
325 685 497 764 δίνηττιάχου
507 683 612 763 δάκρυα
621 683 707 754 πλησ’
714 669 881 761 Ᾱχεροντίδα
888 681 1000 760 λίμνην.

531 837 600 894 710.
620 844 716 892 anna.

244 1001 271 1032 οι.
290 981 341 1033 Τόν
355 982 435 1032 πάσιν
449 975 575 1046 ὴλίκεσσι
590 974 798 1052 μειλιχώτατον,

282 1069 328 1122 τὸν
342 1070 398 1129 τοίς
411 1063 521 1120 καλοῖσι
533 1065 665 1142 χρηστόν,
683 1061 804 1139 δυσμενῆ
820 1066 922 1128 κακοῖς,

283 1151 373 1220 δόξαις
387 1151 411 1208 δ’
427 1155 453 1208 έν
466 1153 542 1208 ἀστει
555 1154 662 1230 μυρίαις
673 1146 876 1230 αιίίξμύμενον,

283 1247 387 1300 ἀστοῖσι
397 1245 445 1297 καί
457 1238 571 1306 ξένοισιν
586 1237 653 1296 οίσιν
669 1237 818 1319 εἰίνο[μ]ον,
883 1259 888 1270 ·

219 1337 232 1383 5
288 1331 420 1408 μάρψασα
433 1331 533 1406 Μοῖρα,
550 1331 632 1405 σῶμα
646 1325 723 1398 τόνδ’
739 1329 792 1384 ὑπό
805 1327 894 1406 χθόνα

287 1414 457 1497 δ[ἐ]δωκ[ε]ν,
470 1414 540 1494 ἦτορ
555 1414 579 1471 δ’
595 1413 724 1496 ο[ὐ]ρανῷ
740 1413 937 1495 μίετ]α’[ρσ]ιον’

285 1511 407 1564 τοιοῦτον
420 1503 498 1584 bladi]
512 1499 625 1583 π[άντ]α
638 1505 822 1582 Νικοκράτους
835 1504 905 1580 βίον.

529 1679 599 1736 711.
622 1683 721 1734 tntu.

248 1820 275 1894 β.
293 1819 416 1882 Εἰκοσιὲξ
430 1819 568 1873 ἀνύσαντα
582 1815 759 1894 δυσυνύμους
773 1817 909 1877 ἐνιαυτοὺς

286 1905 369 1983 σφῆλ’
385 1907 501 1983 ἀτροπος
512 1903 617 1963 Κλωθὼ
631 1907 801 1981 Νικοκράτην
821 1901 925 1978 βιότου,

245 1997 415 2071 Νικοκράτην
430 1992 609 2070 κλυτόμητιν,
627 1995 673 2070 ἀφ’
690 1994 807 2069 αἵματος
820 1993 985 2068 ἀρχιερηων,

284 2087 397 2139 πάππου
412 2083 606 2161 Νικοκράτους,
623 2085 684 2138 υἰέα
698 2079 885 2156 Ναλλιτύχου.

530 2333 599 2392 rte.
622 2341 718 2389 Addo.

244 2471 1009 2552 γ.Νικοκράτουςίλ]αγόνεσσινὑπόχθονίαισικέκρυπται

247 2569 340 2640 σῶμα,
356 2566 421 2640 κέαρ
441 2558 466 2617 δ’
483 2565 616 2640 ἀνόρουσε
629 2563 697 2640 πρός
710 2559 806 2639 αἰθέρα
824 2558 885 2615 δῖαν
901 2557 1005 2636 ἀερθέν.

247 2655 296 2708 Σοὶ
311 2650 341 2707 δέ
353 2653 443 2728 χάρις,
460 2649 595 2722 Πλουτεῦ,
612 2651 703 2726 ἀκάκη
719 2646 781 2724 θεῷ,
794 2649 883 2703 είνεκα
899 2650 1006 2723 μοίρης.

247 2741 340 2816 11ρηὺν
352 2733 422 2816 [edat
429 2733 629 2816 γλυκ[ι1θ]υμον
639 2735 831 2814 ἀγαλλόμενον
843 2733 921 2812 μάλα
929 2737 1009 2789 πᾶσιν

222 2836 237 2882 5
249 2829 305 2882 υἱόν
321 2823 508 2902 Καλλιτύχοιο
526 2829 600 2902 μένει
612 2823 669 2880 δῖον
682 2828 750 2902 φάος
764 2822 846 2880 ἀλλο.

250 2918 313 2992 Ιίρὶν
330 2917 460 2990 στυγερῆς
474 2913 526 2969 ὑπό
540 2910 602 2992 [γῆς
613 2915 677 2991 ’ίμεν
689 2911 862 2969 ἀθανάτοισιν
878 2909 978 2982 ἐσώθη.

526 3347 595 3405 713.
612 3354 707 3403 Anno

251 3468 385 3557 Νουφίνου
405 3483 489 3554 τάφος
511 3476 599 3545 οὗτος,
618 3481 647 3534 δν
661 3461 788 3556 Ᾰστίριόν
804 3469 1008 3556 ποτ’ἔκληζον,

249 3573 278 3634 te
291 3568 431 3646 προλιπὼν
447 3554 549 3644 ῥώμης
559 3565 687 3640 δάπεδον,
705 3565 804 3622 Νείλου
818 3565 898 3622 πόλιν
913 3565 1009 3632 ἐλθὼν,

250 3660 296 3712 καί
309 3659 460 3734 προκοπαῖς
468 3654 594 3732 λάμψας,
610 3654 740 3712 πολλοῖσι
759 3653 788 3711 δὲ
804 3655 897 3710 πολλὰ
910 3675 1012 3734 παρασ-

941 3764 1008 3807 ·ων,

252 3831 358 3908 μηδένα
372 3833 509 3901 λυπήσας,
526 3827 590 3886 ἀλλ’
603 3834 640 3895 εἰς
652 3833 683 3886 τό
699 3829 803 3887 δίκαιον
818 3740 961 3910 ἀθρείσαίίί

223 3929 238 3977 5
250 3924 357 3999 Μοιρῶν
372 3924 423 3976 οὐκ
437 3923 533 3996 ἔφυγεν
547 3923 660 3997 τρισσῶν
678 3923 765 3996 μίτον,
783 3917 858 3974 ἀλλὰ
871 3920 1012 3998 νεκρωθείς

251 4012 298 4078 τὴν
313 4009 407 4085 ψυχὴν
422 4005 561 4063 ἀπέδωκεν
577 4009 603 4070 ἐς
619 4009 697 4084 ἀέρα,
717 4011 799 4083 σῶμα
818 4004 847 4062 δέ
861 4009 928 4086 πρός
944 4014 1008 4086 γῆν,

250 4083 326 4151 litt
338 4099 385 4151 καὶ
400 4093 523 4167 εὐσεόίης
533 4097 614 4176 ’ἔσχεν
627 4098 712 4173 κρίσιν
728 4097 755 4150 ἐν
768 4094 931 4172 φθιμένοισι,

250 4189 295 4239 καὶ
319 4183 401 4238 πάλιν
431 4183 484 4239 είδε
511 4187 541 4240 τό
567 4187 621 4261 φῶς
647 4185 740 4262 νεκρὸς
767 4184 813 4258 ὢν,
841 4187 888 4239 καί
913 4191 1011 4242 πόντον

875 4270 1010 4351 [ἔπλευσε,

249 4365 295 4415 καί
309 4365 403 4438 χώρης
419 4359 492 4430 ἰδίης
504 4356 600 4430 ἐπέόη·
618 4363 665 4415 σὺν
679 4363 757 4415 παισί
772 4357 800 4414 δὲ
816 4363 911 4427 κεῖται,

209 4471 239 4520 10
249 4452 285 4509 ὧν
300 4457 350 4509 οὐκ
366 4451 420 4508 εἶδε
433 4452 510 4518 τέλος
524 4451 654 4526 θανάτου,
669 4457 775 4530 πρῶτος
788 4454 841 4532 γάρ
854 4453 976 4524 έθνησκε.

237 4543 271 4596 ‘H
287 4540 316 4598 δὲ
329 4544 428 4598 τέκνων
445 4539 540 4597 δισσῶν
558 4543 652 4619 μήτηρ
667 4541 743 4616 σέμν’
758 4538 811 4610 ἠδὲ
827 4540 973 4620 φίλανδρος

249 4632 295 4685 καὶ
307 4629 428 4707 πέλαγος
442 4627 594 4696 διέπλευσε,
610 4633 658 4686 καί
669 4631 760 4706 ἤγαγε
775 4633 857 4706 σῶμα
873 4629 989 4706 βυθοῖσι,

249 4721 295 4774 καί
307 4722 448 4795 καμάτους
462 4719 599 4795 ὑπέμεινε,
616 4720 663 4774 καί
677 4720 704 4774 ἰν
717 4715 826 4796 θρήνοις
842 4715 969 4796 διέμεινε,

250 4809 294 4862 καὶ
307 4804 402 4884 τόμόιρ
417 4805 561 4878 κατέθηκε,
578 4808 626 4862 καί
639 4809 732 4862 αἰῶσιν
745 4805 897 4886 παρέδωκε.

210 4906 236 4949 13
328 4895 547 4972 Δαμοστρατείας
561 4899 648 4951 ταῦτα
662 4899 711 4966 τῆς
725 4893 892 4975 φιλανδρίας.

686 464 944 525 ANTHOLOGIAE
965 463 1116 522 GllAECAE
1137 465 1369 524 APPENDIGIS

1060 598 1198 670 Cornutio,
1211 601 1301 675 jaceo,
1317 602 1364 676 qui
1378 603 1485 677 reliqui,
1500 604 1602 661 luctum
1615 607 1794 678 parentibus,

1029 729 1034 776 ,
1058 693 1087 742 et
1106 705 1173 744 mea
1195 688 1308 745 infantis
1326 689 1444 747 lacrimae
1467 691 1612 766 implevere
1629 693 1830 750 acherontiam

1347 845 1408 898 710.
1429 849 1527 893 atron,
1674 783 1831 854 [paludem.

1060 997 1086 1037 α.
1097 980 1229 1038 Omnibus
1244 983 1394 1057 aequalibus
1408 983 1609 1053 suavissimum,

1059 1069 1183 1126 honestis
1194 1069 1306 1138 honum,
1319 1071 1480 1128 malevolum
1493 1071 1582 1142 mulis,

1059 1157 1186 1213 laudibus
1199 1157 1226 1214 in
1240 1158 1308 1215 urbe
1322 1159 1446 1232 plurimis
1457 1166 1576 1230 anetum,

1061 1245 1166 1301 civibus
1181 1253 1208 1302 et
1222 1246 1379 1320 hospitibus
1393 1248 1450 1302 suis
1461 1247 1576 1320 justum,

1060 1339 1204 1406 postquam
1220 1334 1292 1406 oepit
1303 1335 1401 1397 Paroa,
1417 1351 1516 1408 eorpus
1531 1335 1596 1391 huic
1611 1343 1689 1394 terre

1062 1419 1193 1490 subdidit,
1209 1421 1327 1478 animum
1341 1429 1432 1479 autem
1446 1423 1514 1478 creto
1529 1423 1666 1480 sublatum
1681 1434 1744 1483 est:

1063 1505 1143 1562 talem
1157 1507 1226 1564 seito
1241 1512 1326 1578 fuisse
1339 1517 1425 1566 totam
1439 1510 1591 1568 Nicocratis
1605 1513 1698 1572 vitam.

1353 1681 1414 1732 711.
1435 1687 1536 1733 ALIUD.

1062 1815 1088 1870 ό.
1104 1814 1309 1887 Sex-et·riginti
1320 1815 1492 1888 perfunctum
1503 1817 1630 1876 infaustis
1645 1823 1723 1877 annis

1097 1901 1234 1958 fraudavit
1247 1901 1424 1959 nescia-sseoti
1438 1903 1535 1961 Clotho
1548 1906 1719 1966 Nicocratem
1734 1912 1804 1980 vita,

1062 1987 1232 2044 Nicocratem
1246 1987 1540 2062 inolitum-prudentia,
1551 1992 1585 2050 de
1597 1996 1731 2070 sanguine
1742 2001 1830 2055 maxi-

1925 1841 1926 1884 l

1925 1957 1926 1998 ι

1512 2081 1827 2158 [morum-sacerdotum,

1925 2199 1926 2244 l

1925 2255 1926 2294 ι

1925 2325 1926 2356 l

1925 2467 1926 2512 l

1925 2551 1926 2592 ι

1096 2181 1147 2220 avo
1161 2164 1314 2234 Nicocrate,
1326 2165 1411 2221 filium
1426 2165 1579 2242 Callityehi.

1361 2339 1421 2391 7¹2.
1442 2347 1541 2392 amon.

1063 2496 1085 2536 o.
1101 2477 1253 2535 Nicocratis
1266 2477 1417 2532 visceribus
1432 2479 1484 2534 sub
1498 2481 1615 2538 terrenis
1630 2483 1765 2541 obtectum
1781 2497 1827 2543 est
1925 2529 1926 2540 ,

1062 2583 1175 2641 corpus,
1200 2565 1305 2620 animus
1328 2571 1419 2622 autem
1442 2567 1552 2624 exsiluit
1574 2569 1610 2625 ad
1629 2571 1733 2629 aethera
1750 2575 1828 2631 dium

1714 2663 1824 2736 [elatus
1925 2647 1926 2730 ί

1062 2745 1123 2803 Tibi
1133 2761 1200 2817 ergo
1210 2741 1310 2817 gratie,
1320 2741 1410 2804 Pluto.
1421 2743 1532 2802 innoxio
1542 2747 1602 2815 deo,
1615 2749 1651 2805 oh
1662 2750 1715 2807 hoo
1726 2751 1825 2808 latum.

1063 2836 1168 2891 Bonum
1183 2842 1210 2889 et
1223 2829 1556 2904 miti-animoprreditum,
1572 2835 1826 2895 decoratum-valde

1063 3009 1147 3067 fllium
1158 3005 1299 3081 Callityobi
1313 3012 1406 3061 manet
1420 3006 1494 3063 dium
1505 3009 1596 3067 lumen
1610 3012 1693 3070 aliud.

1626 2925 1672 2996 [ab
1687 2927 1825 2995 omnibus,
1925 2939 1926 3032 ρ

1063 3099 1224 3173 Priusquam
1238 3098 1345 3155 tristem
1364 3099 1416 3154 sub
1429 3105 1530 3156 terram
1545 3099 1607 3171 iret,
1625 3101 1697 3158 inter
1711 3104 1823 3160 immor·
1925 3093 1926 3158 ί

1428 3187 1508 3260 [tales
1522 3195 1596 3244 certe
1610 3189 1826 3248 collocatus-est.

1351 3365 1415 3418 713,
1434 3366 1533 3408 struo.

1667 3405 1827 3476 [vocabant,

1064 3491 1157 3548 Rullui
1175 3491 1329 3565 sepulcrum
1343 3493 1427 3563 istud,
1443 3509 1524 3567 quem
1536 3493 1675 3548 Asterium
1689 3495 1827 3566 quondam

1063 3580 1220 3654 qui,relioto
1230 3580 1324 3637 Romae
1334 3581 1401 3651 solo,
1409 3580 1545 3654 Nilopolin
1552 3586 1698 3654 postquam
1708 3581 1828 3653 adierat,

1065 3667 1829 3742 etprogressibusclarus-laetus-erat‚multisquemulta

1689 3756 1828 3829 [dederet,
1925 3731 1926 3776 ί

1063 3845 1197 3901 neminem
1223 3843 1502 3912 molestiaallecerat,
1525 3843 1574 3900 sed
1599 3843 1634 3899 ad
1654 3843 1759 3917 justum
1785 3863 1830 3900 ro-

1675 3933 1828 4005 [spexerat‚
1925 3929 1926 3994 l

1064 4020 1212 4075 Parcarum
1221 4034 1277 4074 non
1292 4017 1389 4091 effugit
1400 4017 1482 4074 trium
1496 4018 1580 4086 iilum,
1594 4017 1644 4074 sed
1657 4025 1781 4074 mortuus

1065 4107 1180 4164 unimam
1193 4106 1315 4163 reddidit
1328 4105 1356 4162 in
1370 4123 1443 4175 aera,
1459 4123 1614 4180 corpusque
1631 4106 1666 4162 ad
1680 4114 1789 4163 terram.

1064 4194 1166 4251 Verum
1180 4201 1208 4251 et
1225 4193 1337 4268 pietatis
1351 4193 1448 4251 habuit
1461 4195 1561 4250 famam
1575 4194 1649 4268 apud
1670 4194 1828 4264 defunctos,
1925 4157 1926 4218 ί

1065 4289 1093 4340 et
1106 4301 1201 4340 rursus
1214 4282 1283 4339 vidit
1297 4283 1393 4350 lucem,
1410 4283 1461 4338 etsi
1475 4289 1600 4339 mortuus
1615 4289 1683 4351 erat,
1705 4290 1732 4339 et
1750 4301 1829 4340 mare

1662 4370 1828 4444 [navigavit

1066 4463 1093 4514 et
1109 4459 1247 4531 regionem
1264 4457 1403 4531 propriam
1418 4457 1561 4532 ingressus
1580 4465 1637 4527 est;
1653 4475 1715 4513 cum
1730 4457 1830 4515 liberis

1730 4549 1828 4622 [jacet

1065 4652 1179 4707 quorum
1197 4653 1252 4690 non
1270 4635 1338 4691 vidit
1355 4636 1499 4691 mortalem
1517 4636 1613 4702 finem,
1629 4636 1733 4708 primus
1752 4637 1829 4692 enim

1636 4722 1828 4796 [moriebatur.

1065 4812 1185 4868 Duorum
1199 4817 1290 4868 autem
1311 4811 1459 4868 liberorum
1474 4819 1561 4868 mater
1572 4814 1729 4868 veneranda
1742 4818 1830 4884 atque

1618 4906 1830 4980 [mariti-amans

1063 5001 1092 5051 et
1107 4995 1222 5069 pelagus
1236 4997 1354 5070 trajecit,
1372 5004 1401 5054 et
1414 5013 1513 5071 eorpus
1527 4995 1607 5053 duxit
1625 5013 1675 5069 per
1689 4995 1830 5069 profunda

1064 5090 1092 5138 et
1104 5082 1212 5140 labores
1225 5083 1365 5153 sustinuit,
1378 5085 1445 5142 etin
1458 5083 1585 5140 lamentis
1596 5081 1756 5156 permansit,

1064 5168 1133 5226 etin
1148 5169 1279 5225 tumulum
1294 5169 1431 5244 deposuit,
1443 5177 1471 5226 et
1483 5167 1631 5226 aeternitati
1645 5167 1769 5226 tradidit.

1035 5268 1040 5326 ι
1098 5257 1294 5314 Demostrateae
1309 5257 1587 5314 amoris-inmeritum
1601 5263 1773 5330 argumento.
