3858 6018
528 393 652 454 sslPUT
671 395 708 453 ll.
731 392 1013 454 EPIGRAMMATA
1035 394 1310 456 septimanum.

162 528 264 606 μήτηρ
279 526 305 583 δ’
320 529 347 582 έν
362 529 447 591 οἴκοις
459 529 477 582 ἁ
488 523 593 584 τάλαιν’
609 524 736 604 ὀδύρεται

160 618 271 672 νικῶσα
285 615 394 694 θρήνοις
407 614 542 694 πενθίμην
557 613 675 686 ἀηδόνα.

986 539 1127 608 materque
1141 533 1170 590 iu
1182 533 1286 590 aedibus
1300 535 1401 592 misera
1415 537 1491 609 luget

983 623 1095 680 vinosus
1108 622 1233 680 lamentis
1247 623 1400 680 luctuosam
1412 625 1565 683 lusciniam.

417 786 485 846 693.
502 793 601 841 ΑΛΛο.
1247 791 1308 844 693.
1328 798 1427 842 aurun.

119 907 250 1006 Ᾰν]δ[ρα]
259 925 453 984 πολύκλαυτον
462 923 631 1006 κοινθςίμέν]
640 923 891 1001 ἀνείλατοδαίμων,
948 925 1042 982 Virum
1056 927 1336 984 mullum-deflendum
1351 930 1501 988 communis
1515 937 1627 989 sustulit
1638 950 1710 1002 sors,

119 1012 307 1092 εαλλείψαντ’
321 1014 427 1094 ἄλοχον
445 1017 607 1094 Δημήτριον
620 1012 811 1091 πολύδακρυν·
905 1056 907 1060 .
947 1013 1043 1072 relicta
1056 1015 1171 1090 conjuge
1187 1016 1325 1072 Demetria
1338 1017 1628 1078 multum-leerimosn:

16 1099 18 1178 Ι
120 1106 168 1158 τοῦ
184 1100 216 1158 δὲ
231 1103 441 1182 καταφθιμένου
460 1107 559 1174 σκῆνος
578 1101 674 1180 μέλεος
689 1099 759 1180 χάδε
777 1096 891 1178 τύμύος,
948 1101 1123 1176 defunctique
1134 1120 1233 1175 eorpus
1248 1104 1331 1160 miser
1344 1105 1417 1178 oepit
1427 1106 1558 1177 tumulus,

16 1183 18 1248 ί
120 1192 165 1244 τὸν
179 1194 230 1245 νῦν
248 1189 286 1262 δὴ
300 1196 426 1268 κόσμησε
441 1194 576 1270 περίφρων
591 1192 778 1268 Στρατόνικος,
948 1205 1028 1262 quem
1043 1208 1114 1246 nuno
1128 1192 1235 1248 ornavit
1248 1191 1369 1265 prudens
1384 1192 1567 1265 Stratonicae,

16 1267 17 1274 ί
97 1281 232 1353 eponae
255 1275 293 1343 είς
308 1263 455 1359 Ᾰ[φ]είο[υ]
471 1275 541 1358 σ[ὺ]ν
556 1275 667 1355 ἀδελφῷ
685 1273 837 1354 ἀδελφιδέρ
851 1295 891 1333 τε.
948 1279 1209 1352 consanguineorum
1217 1279 1373 1352 unusAphii
1381 1281 1530 1339 cumfratre
1537 1283 1710 1341 eilratruela.

120 1362 232 1421 Αίδοῖαι
247 1364 274 1422 δ’
289 1369 431 1443 άγαπηταί
444 1363 586 1434 άνιάζουσι
600 1365 679 1444 φίλον
694 1369 747 1444 κῆρ
947 1366 1169 1440 venerandaque
1182 1367 1287 1424 dilectae
1301 1367 1541 1426 dolore-adficiunt
1555 1387 1634 1426 suum
1646 1389 1693 1428 eor

122 1452 274 1533 θυγατέρες
283 1459 377 1521 κάσιος
389 1475 418 1512 τε
435 1459 520 1533 μόρον
533 1459 635 1534 πατρός
647 1474 676 1511 τε
681 1496 851 1514 .......
947 1453 1019 1520 ntia,
1032 1453 1179 1528 fratrisque
1192 1453 1276 1512 latum
1292 1455 1433 1529 patrisque
1437 1497 1619 1513 .......

424 1616 492 1674 694.
508 1621 607 1672 Anno.
1238 1616 1299 1671 694.
1319 1625 1421 1668 seruo.

162 1741 290 1831 ῥουφῐνα
304 1753 420 1834 Κέλερος
435 1751 463 1820 ii
477 1739 619 1834 Ᾰριστίνης
630 1753 654 1811 τ’
671 1756 746 1833 ἔφυν,

161 1838 223 1912 ζωὴ
242 1840 272 1898 δέ
285 1843 387 1899 πλείων
404 1845 507 1922 μητρὸς
520 1846 547 1898 έν
562 1841 729 1921 σπλάγχνοις
743 1843 810 1920 ἐμὴ,

161 1927 251 1986 ὠδῖνα
264 1929 358 2002 λύπης
370 1929 396 1988 δ’
409 1933 429 2002 ἠ
443 1933 550 1988 τεκούσ’
563 1928 725 2018 ἠλλάξατο·

160 2021 278 2096 πρώτην
294 2017 358 2076 tlte
374 2017 403 2076 δέ
418 2019 571 2096 στέλλομαι
584 2021 651 2097 πρὸς
663 2017 758 2084 Alter,

99 2111 111 2155 5
162 2106 272 2186 κλῆρον
286 2106 315 2163 δὲ
333 2111 435 2186 μητρός
447 2105 516 2185 τῷδε
531 2107 680 2187 κληρουχῷ
694 2112 771 2186 τάφῳ

163 2195 258 2273 στήλῃ
275 2194 306 2252 δέ
322 2200 401 2274 φωνῶ
417 2199 584 2274 ἀνταγωνίας
599 2195 672 2272 βίον.

983 1756 1084 1813 Rufina
1093 1756 1194 1814 Celeris
1207 1761 1266 1829 fitia
1280 1775 1313 1813 ex
1325 1757 1447 1814 Aristius
1459 1764 1525 1816 nata
1536 1757 1575 1815 fui

981 1845 1708 1920 vitequemajorporsnribiluitinvisoeribusmatris;

982 1933 1031 1989 sed
1046 1933 1223 2008 parturientis
1237 1933 1355 1989 dolorem
1368 1933 1443 1989 luotu
1456 1933 1572 1992 mutarit
1586 1952 1706 2008 parens:

982 2022 1150 2094 primamque
1163 2022 1234 2077 viam
1247 2021 1387 2094 ingredior
1399 2021 1435 2077 ad
1449 2020 1558 2090 Oreum,

982 2107 1206 2182 sortitionemque
1218 2109 1313 2165 metris
1329 2110 1413 2166 horae
1430 2109 1503 2184 quod
1518 2127 1561 2166 me
1580 2110 1708 2168 sortitum

981 2195 1116 2271 eippoque
1130 2196 1215 2254 clamo
1230 2196 1411 2254 adversitates
1421 2197 1493 2255 vitre.
1515 2198 1570 2270 [est
1583 2199 1710 2272 sepulcro

126 2593 187 2650 ἀλλ’
205 2596 251 2651 ὅτε
270 2599 391 2674 μοιράων
404 2595 534 2676 τριπλούς
550 2599 625 2674 μίτος
640 2593 798 2674 ίξεκενώθίη

945 2603 994 2659 sed
1008 2601 1055 2658 ubi
1068 2615 1210 2675 parcarum
1227 2601 1338 2674 triplum
1356 2609 1462 2657 stamen
1479 2601 1647 2658 exinanitum
1666 2611 1709 2658 est

127 2685 171 2737 καί
184 2682 286 2739 λοιπὸν
301 2683 409 2762 θανάτῳ
426 2688 494 2761 μετὰ
507 2689 588 2742 τοῦτο
601 2687 633 2741 τύ
644 2688 699 2762 φῶς
708 2679 887 2762 μετίύαύνον,

125 2771 201 2848 ψυχὴ
217 2775 267 2848 μὲν
277 2774 345 2851 πρὸς
359 2757 493 2851 ίλλυμπον
508 2772 661 2844 ἀνήλλατο,
673 2775 755 2848 σῶμα
769 2768 799 2826 δέ
813 2767 891 2850 rofre

126 2858 264 2915 καλλυθὲν
274 2855 390 2933 έξεπόθη
405 2864 453 2916 καί
461 2859 542 2918 οὐδὲν
550 2863 605 2940 ἔχω
617 2859 701 2917 πλέον
718 2861 814 2917 ὀστῶν.
825 2857 889 2937 [γῆν

126 2933 161 3010 Ως
176 2945 224 3004 ούν
240 2951 335 3027 καιρὸν
350 2951 431 3027 ἔχεις,
445 2948 554 3016 λοῦσαι,
574 2954 695 3028 μύρισαι,
712 2947 889 3018 σπαταλησυν

126 3039 171 3090 ταί
183 3041 310 3114 χάρισαι,
323 3035 493 3110 δαπάνησον,
509 3039 577 3118 άπερ
590 3035 715 3095 δύνασαι·
725 3039 873 3115 τίνιιηρεϊς

420 3559 487 3616 696.
504 3566 601 3618 lullo.

129 3688 279 3768 Στέμματ’,
292 3689 339 3766 ἀφ’
350 3687 386 3745 ὧν
395 3692 489 3761 πτοίη,
501 3687 668 3768 καίπρήξιες
681 3691 710 3744 αί
720 3693 885 3770 κενεαυχεῑς,

129 3775 218 3833 ἄλλων
233 3776 338 3855 σήματ’
354 3778 453 3854 ἔχοιτε,
471 3776 650 3842 δικασπολίας
662 3779 686 3832 τ’
702 3779 831 3848 ένέποιτε,

127 3863 273 3934 σηπεδόνας
286 3865 381 3942 βιοτῆς
393 3869 440 3921 καί
454 3863 583 3937 δουλείην
599 3867 728 3943 ἐρίτιμον.

129 3953 231 4038 λίούνον
248 3951 273 4010 δ’
287 3955 423 4032 ἡμέτερον
440 3953 506 4030 βαίη
523 3952 619 4032 [λίθος]
634 3953 741 4029 ούνομα
756 3955 851 4031 φωνοῖ.

107 4037 294 4120 Ἀλέξανδρος
303 4040 344 4098 ὅδ’
358 4043 424 4108 ἐστὶ,
440 4041 590 4120 Βαλεντίνῃ
606 4039 636 4097 δέ
650 4039 774 4098 συνεύδει

128 4133 177 4184 κείν
193 4133 290 4209 ἐνέρων
302 4129 440 4208 λιμένεσσι
457 4129 517 4209 μέγ’
532 4133 632 4207 αἱνητῇ
648 4132 817 4209 παρακοίτει.
861 4155 863 4160 ’

129 4307 193 4372 Τοὺς
206 4306 232 4364 δ’
252 4309 336 4386 άμφω
350 4312 445 4386 χάριεν
461 4306 540 4372 τέλος
553 4305 686 4386 ἔλλαχεν·
709 4309 755 4371 οθς
769 4303 885 4385 κτερέϊξε

129 4488 201 4562 χερσί
215 4484 307 4563 φίλαις
319 4483 440 4562 θυγάτηρ
453 4483 573 4562 γλυκερὴ
591 4482 715 4539 Παυλῖνα
728 4486 843 4554 τοκῆας,

130 4568 182 4642 ἤδη
198 4575 226 4628 οἱ
239 4570 391 4628 θαλέθοντα
402 4576 483 4626 τόκον
498 4573 569 4626 κατὰ
584 4568 665 4646 δῶμα
676 4568 816 4638 λιπόντας,

96 4666 118 4713 ‘a
130 4665 243 4734 τριττύος
257 4655 286 4726 ii
302 4662 397 4731 αὐτῆς,
414 4660 443 4716 ol
455 4679 506 4736 μευ
523 4657 665 4737 μελάθρων
682 4656 814 4736 μεδέοιεν.

131 4746 221 4819 Νηλὴς
234 4745 256 4804 ὦ
271 4747 396 4820 θάνατος,
412 4747 485 4804 πολὺ
501 4745 535 4818 δή
554 4768 602 4824 μοι
615 4750 738 4826 ἀκαίριος
751 4748 837 4817 ἥκεις.

131 4833 199 4913 λρῆν
208 4839 262 4916 γὰρ
273 4835 315 4892 ἐπ’
326 4835 463 4894 ὠδίνεσσιν
476 4837 547 4915 έχειν
557 4841 627 4917 χέρα
636 4839 684 4893 καὶ
691 4835 748 4892 τότ’
757 4835 884 4892 ὀλέσσαι·

131 5015 172 5068 νῦν
196 5011 226 5070 δὲ
249 5019 318 5094 μετὰ
341 5013 497 5093 πτολέμους
523 5017 642 5094 κρυερῶν
665 5035 694 5071 τε
716 5013 886 5090 λαφύγματα

132 5185 291 5268 λευγαλέους
311 5213 339 5250 τε
358 5189 458 5272 φόύους
476 5193 522 5249 καὶ
540 5187 712 5270 θυμοθόρους
731 5098 886 5268 privabat:

944 2697 973 2746 et
987 2695 1124 2763 postremo
1139 2687 1173 2743 ad
1185 2695 1300 2744 mortem
1313 2695 1377 2762 post
1391 2688 1462 2743 hene
1477 2687 1564 2744 lucem
1577 2687 1685 2758 transii,

944 2776 1034 2834 anima
1048 2775 1157 2836 uuidem
1171 2775 1204 2830 ud
1219 2775 1362 2848 Olympum
1373 2775 1492 2845 exsiluit,
1503 2792 1603 2850 eorpus
1617 2783 1708 2832 autem

1634 2869 1709 2920 terra

944 2961 1106 3009 dissolutum
1124 2952 1289 3008 exhaustum
1304 2959 1356 3019 est,
1376 2959 1403 3008 et
1422 2952 1490 3008 nihil
1506 2951 1595 3008 babeo
1607 2864 1709 3025 p[raeter

1634 3056 1706 3096 ossa.

945 3131 1015 3186 Dum
1029 3128 1115 3202 igitur
1126 3134 1236 3202 tompus
1250 3127 1345 3197 habes,
1361 3127 1476 3195 balneis,
1492 3042 1649 3200 unguentis,
1663 3127 1710 3183 de-

1525 3215 1604 3289 [lieiis
1618 3222 1707 3284 utere,

944 3311 973 3363 et
986 3314 1012 3364 te
1026 3303 1281 3378 amabilem-praebe,
1299 3303 1530 3377 splendide-vive,
1549 3303 1639 3377 quoad
1657 3321 1703 3376 po·

1384 3392 1437 3465 [tes
1452 3409 1459 3447 ι
1473 3391 1581 3447 ouinam
1594 3391 1708 3448 serres?

1240 3564 1302 3617 Μ’
1322 3569 1422 3612 AUUD'
1458 3604 1704 3678 [superbia-plena,

942 3697 1101 3764 Stemmata,
1112 3711 1147 3753 ex
1158 3694 1258 3769 quibus
1271 3701 1369 3768 stupor
1382 3701 1431 3759 est,
1444 3701 1472 3748 et
1486 3691 1608 3748 facinora
1621 3693 1707 3748 inani·

942 3785 1056 3842 aliorum
1068 3788 1244 3840 monumenta
1256 3781 1392 3849 habeatis,
1406 3779 1565 3854 judiciaque
1577 3779 1669 3849 dieite,

941 3872 1004 3928 vita
1017 3871 1108 3928 tabem
1121 3877 1149 3926 et
1160 3869 1320 3926 servitutem
1334 3867 1493 3942 pretiosam.

940 3959 1034 4016 Solum
1046 3965 1136 4014 autem
1146 3965 1270 4015 nostrum
1280 3973 1383 4031 pervus
1395 3955 1466 4029 lepis
1482 3972 1582 4012 nomen
1596 3955 1704 4014 elamet.

940 4047 1095 4104 Alexander
1111 4045 1188 4102 hieee
1207 4053 1260 4116 est,
1276 4063 1391 4120 eumque
1405 4045 1553 4102 Valentius
1566 4045 1677 4114 dormit,

941 4133 1022 4192 etiam
1037 4135 1065 4191 in
1077 4141 1244 4191 mortuorum
1259 4133 1395 4208 perfugiis
1409 4132 1488 4191 valde
1502 4133 1632 4191 laudabili
1642 4151 1705 4190 eon·

1615 4221 1703 4294 [juge.

941 4312 991 4369 llis
1009 4310 1141 4369 ambobus
1161 4315 1257 4386 gratus
1273 4309 1374 4383 obtigit
1387 4308 1475 4365 linis:
1497 4308 1596 4382 quibus
1614 4309 1704 4381 justa-

1611 4396 1704 4465 lselvit

940 4486 1065 4544 menibus
1079 4485 1174 4543 amieis
1188 4485 1244 4542 lilia
1257 4484 1344 4541 duleis
1358 4483 1473 4541 Paulina
1486 4481 1657 4556 parentibus,

940 4575 988 4650 qui
997 4575 1054 4649 jam
1067 4573 1092 4630 ei
1102 4574 1243 4631 llorentem
1262 4571 1384 4628 sobolem
1393 4570 1421 4626 in
1431 4570 1511 4627 domo
1523 4569 1701 4643 reliquerunt,

940 4660 1062 4720 tennione
1077 4678 1111 4717 ex
1125 4659 1196 4734 ipso,
1209 4659 1256 4734 qui
1270 4675 1345 4714 meas
1358 4657 1431 4714 mdes
1445 4663 1582 4714 curarent.

941 4749 1136 4806 Immisericors
1147 4765 1163 4805 ο
1176 4765 1260 4815 mors,
1271 4763 1337 4802 sane
1345 4744 1413 4801 mibi
1422 4744 1579 4819 importune
1590 4745 1700 4802 venisti.

941 4837 1092 4912 Oportebat
1116 4835 1187 4894 enim
1207 4835 1236 4891 in
1256 4833 1397 4891 doloribus
1416 4849 1526 4889 manum
1546 4831 1649 4888 hebere
1674 4840 1703 4889 et

1434 4923 1511 4996 [tune
1524 4919 1677 4994 perdidisse
1692 4940 1699 4977 ε

940 5030 1012 5071 nune
1030 5020 1121 5071 autem
1138 5018 1201 5085 post
1218 5009 1299 5079 bella,
1315 5009 1489 5082 dirorumque
1502 5007 1618 5064 haustus
1631 5025 1701 5064 mor-

1582 5099 1698 5176 [borum

939 5195 1122 5268 exitiososque
1142 5199 1241 5260 metus,
1264 5197 1291 5248 et
1309 5187 1589 5246 animum-exedentes
1608 5205 1697 5255 ouras,
