3842 6014
501 487 626 549 CAPUT
646 487 684 546 ll.
707 485 989 547 EPIGRAMMATA
1011 487 1284 550 suentensem.

398 621 466 679 ⁶206.
482 629 580 678 .ι.ι,ιο.

1625 496 1681 554 133

1211 619 1273 674 tut.
1293 628 1395 672 surus.
1574 726 1581 734 Ι
1606 667 1681 736 [mihi

33 741 35 810 l
112 739 227 820 Εύτύχου
239 743 323 820 ἠρίον
339 743 407 818 εἰμὶ,
424 744 472 797 καί
485 745 517 798 ού
530 747 618 799 κενόν·
634 744 717 798 ὀστέα
730 745 783 820 γάρ
802 761 850 820 μοι
923 741 1039 815 Eutychi
1050 741 1283 816 sepulcrumsum,
1292 760 1381 816 neque
1390 759 1522 798 vacuum:
1534 761 1599 800 ossa
1612 746 1682 802 enim

33 813 35 882 l
145 829 249 905 πέμψεν
265 827 412 908 ἀδελφειοῦ
428 832 534 909 φροντὶς
547 831 594 886 ἀπ’
609 814 729 902 Ῐταλίης·

33 897 35 934 l
112 916 190 992 όλγεα
202 915 226 972 δ’
243 916 341 974 έλλιπε
353 921 447 995 πατρί,
462 916 534 974 πολὺ
546 917 641 974 πλεῖον
656 916 687 974 δέ
701 922 831 996 τεκούαγι,

33 1003 34 1014 ³
145 1007 261 1084 θερέεον
277 1003 381 1062 ὠδίνων
396 1006 484 1061 οὐκέτ’
502 1004 618 1084 ἀριθμόν
635 1007 702 1084 έχει.

89 1093 223 1172 5Στοργήν
239 1091 265 1148 δ’
282 1096 444 1171 οἰχομένοιο
457 1093 660 1172 περικλαίουσιν
675 1091 801 1172 ἀδελφοί,

143 1179 234 1244 παῖδες
248 1179 275 1236 δ’
290 1183 436 1260 σ’ρφανέην,
451 1185 612 1260 χηροσύνην
627 1179 657 1237 δέ
670 1185 752 1260 γυνή.

111 1271 138 1324 lii
151 1268 178 1324 δέ
190 1274 341 1346 τριήκοντα
355 1265 427 1339 ζωῆς
444 1273 526 1345 μόνον
542 1269 600 1348 ἔσχ’
614 1273 752 1334 ἐνιαυτοὺς

144 1355 262 1424 καὶδύο,
278 1361 317 1434 τῷ
333 1355 453 1434 φθονερῷ
469 1353 581 1435 δαίμονι
597 1357 775 1437 μεμφόμεθα.

394 1501 463 1561 267,
478 1501 576 1551 rano.

215 1603 346 1669 chlsrou)
361 1605 506 1654 Σουλπικίου
518 1603 632 1666 Μαξίμου
643 1603 750 1669 καίριον.

168 1679 231 1728 λ’ίαιν
244 1676 275 1730 ἂν
288 1679 369 1742 λόγοις
379 1680 500 1744 χρήσαιτο
512 1679 572 1734 Ζεὺς
584 1678 702 1741 forcipes
723 1679 800 1743 Ἧλίῳ

284 1753 324 1804 ὅτι
338 1753 366 1802 τὸ
381 1754 449 1818 ἅρμα
462 1754 540 1804 lbere
553 1753 685 1804 Φαέθοντι.

33 1835 34 1838 ¹
114 1845 241 1939 θμετέρου
256 1866 375 1938 κόσμοιο
390 1867 544 1941 φαεσφόρον
557 1860 740 1942 ἀρμελατῆρα

113 1951 158 2026 ούχ
170 1951 259 2028 έτερου
274 1949 349 2020 πλὴν
364 1955 420 2007 σεῖο
436 1950 494 2008 θεοί
506 1955 626 2023 ποίησαν
641 1951 765 2017 ἄνακτες·

113 2039 176 2092 τίπτε
189 2043 350 2116 κακόφρονα
364 2038 452 2110 θῆκας
465 2040 506 2118 ἐφ’
522 2036 662 2117 όψέδεσσιν
678 2023 813 2117 θλύμτου

115 2126 165 2180 utta
176 2129 222 2181 καὶ
235 2125 337 2183 πώλων
351 2128 456 2205 όφατον
469 2131 555 2205 τάχος
567 2123 740 2204 έγγυόλιξας,

94 2213 240 2290 δήμετίρην
255 2211 316 2271 οὐδ’
329 2215 409 2272 όσσον
423 2213 518 2294 ὑπό(δ)
533 2213 623 2280 δείσας
637 2217 799 2293 έπαρωγόνς

33 2367 34 2370 ¹
116 2299 460 2368 dissimilationem
475 2300 570 2374 δήνεα·
586 2307 634 2359 ποί
648 2301 802 2368 Φαέθοντος

33 2463 35 2514 l

33 2515 35 2570 γ
117 2477 228 2544 εύοταθές
242 2481 322 2558 ἅρμα
335 2483 460 2558 φορεῖτο;
475 2483 502 2535 τέ
515 2483 564 2536 σού
576 2481 661 2558 πυρός
675 2476 852 2559 οἰκ[α]μότοιο

33 2575 34 2608 ί
116 2563 176 2642 φλὸξ
193 2569 258 2647 ἄχρι
277 2571 326 2624 καί
344 2567 440 2646 θρόνον
460 2565 547 2639 ἦλθεν
567 2568 635 2646 έμθν
657 2570 705 2624 καί
724 2565 768 2624 έπ’
787 2569 868 2646 εὐρέα

183 2697 185 2702 .
835 2671 865 2709 ν·

117 2745 221 2820 θέέγιυτο
236 2748 285 2802 καὶ
298 2743 424 2802 κύκλοισι
437 2745 584 2824 ὑπερμενές
601 2741 687 2822 ἄχθος
697 2652 845 2815 ᾰπ[κεόίλλί·
858 2699 865 2728 l

87 2918 106 2964 lt
117 2903 224 2984 θκεανδς
235 2925 321 2999 χέρας
334 2921 416 2985 αὐτὸς
430 2921 455 2985 ές
468 2922 583 2999 ούρανθν
595 2917 723 2999 ἠέρταζι.

117 3007 154 3070 Τίς
165 3013 294 3086 ποταμῶν
309 3011 341 3065 od
356 3013 446 3064 πᾶσαν
459 3003 650 3086 ἀνεξηραίνετο
664 3011 774 3084 πηγόν;

33 3155 35 3204 γ
118 3096 163 3150 Καὶ
173 3101 270 3176 σπόρος
283 3099 309 3162 ές
318 3099 456 3176 Δήμητρα
467 3096 620 3171 καταέθιτο,
633 3100 681 3152 καί
693 3116 732 3161 τις
746 3095 868 3152 ἄπλατον

33 3343 34 3346 ¹
120 3267 226 3345 ἀζαλέην
241 3271 358 3330 ἶκλαυσε
372 3275 448 3352 παρὰ
463 3270 622 3351 δρεπόυαισι
633 3275 763 3350 γεωργός.

119 3363 219 3438 σπείρων
232 3364 270 3426 είς
285 3363 421 3439 ἀχάριστα
436 3365 525 3438 μέσον
542 3359 566 3417 θ’
582 3361 635 3417 ὑπό
649 3362 735 3437 κυφὸν
754 3361 868 3439 ἄροτρον

33 3579 35 3716 ζ
120 3623 218 3700 rip-bor
229 3627 330 3704 ἄρρενα
341 3628 408 3702 γυῖα
420 3627 467 3681 σὺν
480 3623 631 3703 ἀχθεινοῖσι
645 3623 748 3700 βόεσσι·

33 3717 34 3732 ’
119 3715 174 3787 γαῖα
186 3711 210 3768 δ’
223 3715 350 3770 ὑπέστενε
362 3717 438 3769 πᾶσα
449 3716 619 3791 κακόφρονος
633 3712 721 3769 εἵνεκα
734 3715 847 3790 κούρου·

33 3855 34 3858 ¹
121 3890 159 3942 καὶ
169 3891 221 3945 τότ’
236 3891 289 3967 ἐγὼ
303 3891 369 3968 πυρί
381 3892 481 3966 φέγγος
496 3884 643 3945 ἀπέσύεσα·
662 3891 762 3965 μηκέτι
772 3885 870 3952 παιδός

33 4067 35 4142 ι

33 4019 35 4032 ,
124 3980 194 4054 μύρεο
206 3976 308 4054 λυγρόν
321 3975 446 4055 ὄλεθρον,
461 3978 507 4032 έού
518 3973 542 4031 δ’
554 3976 601 4054 ίχε
611 3973 740 4053 φροντίδα
750 3979 867 4052 κόσμου,

92 4074 112 4119 tt
125 4068 221 4139 μήποτε
228 4067 398 4144 χειρόςέμῆς
407 4063 609 4143 φλογερύτερον
619 4066 700 4144 ἔγχος
708 4063 867 4144 ἀθροιήσρς.

125 4241 218 4298 Ι“ίνοσκ’
234 4243 373 4321 ούρανέοιο
387 4241 450 4306 Διός
461 4245 536 4298 νόον·
553 4244 586 4298 ού
601 4243 641 4319 μὰ
652 4243 708 4388 γὰρ
718 4242 805 4312 αὐτὴν

123 4312 191 4398 θείην
204 4330 274 4387 ἄλλο
288 4327 327 4409 τ[ι
340 4326 433 4410 τ]ούδε
447 4333 601 4408 κακώτερον
614 4327 671 4386 ἴδεν
710 4329 829 4406 λυμπος·

33 4481 34 4484 γ
125 4420 211 4493 κόσμος
223 4420 290 4496 ἐμός
303 4420 337 4489 σὴ
352 4421 438 4482 πίστις
452 4419 501 4496 έφυ
519 4415 686 4496 μεγακύδεος
700 4419 790 4496 ἔργου.

126 4589 232 4670 θίχέσθω
245 4597 280 4651 τὰ
294 4592 419 4672 πάροιθε,
433 4597 468 4650 τὰ
481 4591 504 4650 δ’
520 4593 619 4673 ύστερα
633 4592 756 4673 φροντίδι
767 4591 857 4650 κεῦθε·

94 4679 151 4734 2iod
164 4683 204 4747 σός
217 4685 276 4761 έφιι·
293 4681 392 4740 πώλοιν
401 4685 455 4761 γὰρ
468 4685 605 4760 ἀπείριτον
618 4681 673 4763 [old
685 4681 776 4746 σθένος
790 4683 868 4760 έγνω,

127 4853 232 4936 ῥυτήρων
247 4857 307 4916 οὐδ’
323 4861 385 4939 ἔσχε
399 4857 574 4938 πολυφραδές
588 4861 665 4938 έργον
681 4862 804 4917 ἀνύσσαι.

33 4947 35 4992 γ

33 5021 34 5024 “
128 5015 201 5112 θρχεο
214 5039 271 5104 νῦν,
286 5035 356 5093 πόλι
367 5039 471 5115 κόσμον
484 5037 606 5116 έποίχεο,
625 5038 664 5115 μὴ
678 5039 738 5094 τεόν
751 5034 832 5115 εὖχος

129 5205 270 5290 θλλοτρέαις
281 5211 441 5292 παλάμαισι
453 5218 541 5292 cipp<
555 5215 680 5291 ἀμένηνα
693 5217 825 5286 πονήσας·

131 5301 208 5379 μούνῳ
223 5305 266 5358 σοί
276 5307 422 5382 πυρόεντος
435 5304 600 5381 ἐπειγομένῳ
615 5301 728 5358 κύκλοιο

957 827 1031 886 misit
1045 827 1139 886 fratris
1154 845 1220 886 eura
1232 829 1268 885 ab
1283 829 1382 886 ltalia:
1555 833 1682 905 [parenti.

921 915 1029 973 dolores
1042 917 1152 990 quidem
1165 916 1275 991 reliquit
1288 917 1370 992 patri¹
1385 918 1469 976 multo
1487 925 1577 976 autem
1594 921 1683 994 magis

956 1021 1017 1078 ques
1029 1003 1142 1078 triplum
1155 1011 1283 1079 partuum
1294 1023 1349 1063 non
1359 1005 1416 1080 jam
1431 1006 1516 1064 hahet
1528 1025 1681 1064 numerum.

920 1092 1047 1148 Amorem
1061 1091 1124 1149 inde
1135 1091 1257 1149 defuncti
1270 1092 1372 1152 deflent
1386 1094 1495 1167 fratres,

955 1179 1089 1254 liberique
1102 1179 1258 1250 orbitatem,
1273 1181 1487 1256 viduitatemque
1502 1183 1608 1240 mulier.

920 1265 1060 1340 Siquidem
1073 1266 1188 1342 triginta
1199 1266 1263 1326 ritis
1273 1274 1380 1326 tantum
1394 1269 1491 1326 hebuit
1504 1287 1590 1326 annos

956 1363 984 1412 ct
997 1355 1062 1424 duo,
1079 1354 1171 1412 invido
1184 1355 1288 1412 numini
1300 1356 1507 1430 exprobramus.

1209 1499 1271 1553 267.
1291 1505 1388 1550 ALlUD.

974 1603 1063 1664 Quinti
1078 1602 1188 1670 Sulpicii
1202 1603 1308 1655 Maximi
1322 1621 1412 1656 versus
1427 1583 1628 1670 extemporales.

958 1677 1017 1736 Qua
1030 1677 1147 1729 oratione
1159 1694 1222 1730 usus
1236 1678 1271 1729 eit
1280 1677 1383 1744 Jupiter
1394 1681 1483 1731 Solem
1496 1681 1639 1745 objurgans

979 1751 1049 1817 quod
1061 1767 1167 1803 currum
1180 1768 1256 1803 suum
1268 1752 1426 1804 Phaethonti
1440 1753 1624 1804 commisisset.

921 1869 1016 1927 Nostri
1029 1869 1124 1927 mundi
1137 1870 1281 1928 lucilerum
1295 1871 1421 1947 aurigam

920 1957 1071 2014 uenalium
1085 1975 1118 2015 ac
1131 1966 1159 2017 te
1173 1959 1211 2015 dii
1225 1959 1314 2016 fecere
1326 1977 1408 2034 reges
1423 1977 1431 2016 ε

921 2043 987 2118 quid
997 2044 1084 2120 igitur
1094 2046 1208 2104 stultum
1220 2046 1337 2120 posuisti
1346 2048 1374 2104 in
1385 2048 1453 2105 rotis
1465 2048 1572 2124 Olympi
1584 2050 1682 2124 [dasti3

920 2131 1005 2188 lilium
1021 2140 1049 2189 et
1061 2137 1087 2190 σε·
1099 2150 1230 2207 equorum
1246 2134 1405 2192 immensam
1420 2135 1590 2194 velocitatem
1607 2155 1680 2193 man·

874 2237 877 2243 ·
920 2225 1045 2276 nostrum
1057 2237 1147 2294 neque
1159 2221 1203 2277 sel
1215 2221 1324 2280 minime
1336 2223 1493 2281 subveritus
1507 2224 1660 2283 auxilium?

921 2308 983 2366 Non
1001 2325 1035 2365 ea
1052 2309 1165 2366 deorum
1178 2309 1233 2366 lide
1247 2310 1332 2384 digne
1345 2318 1410 2369 sunt
1423 2318 1472 2369 tue
1484 2313 1606 2370 consilia.
1624 2314 1684 2384 Quo

1490 2401 1684 2474 [Phaethontis

921 2482 1016 2542 firmus
1030 2504 1127 2544 currus
1143 2485 1302 2544 ferebatur?
1316 2486 1388 2557 Quid
1402 2486 1475 2562 ignis
1488 2488 1529 2546 tui
1543 2488 1671 2548 indefessi

920 2571 1130 2649 flammeusque
1145 2575 1180 2632 ad
1193 2576 1322 2633 thronum
1341 2576 1415 2634 venit
1430 2594 1520 2632 meum
1539 2584 1567 2636 et
1579 2578 1608 2634 in
1621 2596 1685 2636 vas·

1453 2667 1523 2739 [tum
1535 2667 1685 2723 mundum?

922 2750 1038 2808 Mirtum
1049 2757 1091 2808 est
1100 2757 1129 2808 et
1140 2751 1254 2809 orbibus
1267 2755 1414 2810 caestibus
1427 2754 1597 2828 pervalidum
1609 2755 1686 2812 solis·

1419 2843 1575 2916 [splendore
1589 2861 1659 2900 onus
1675 2863 1682 2900 :

922 2925 1047 2982 Oceanus
1060 2944 1157 2984 manus
1171 2927 1232 3002 ipse
1247 2929 1281 2985 ad
1296 2929 1390 2986 celum
1402 2929 1525 2988 tollebat.

923 3013 990 3082 Quis
1004 3014 1148 3072 fluviorum
1158 3033 1214 3073 non
1228 3016 1301 3073 omni
1316 3017 1471 3074 siccabatur
1484 3019 1578 3076 fontei

922 3101 958 3157 Et
970 3118 1063 3158 semen
1076 3102 1106 3159 in
1119 3103 1244 3162 Cererem
1256 3105 1286 3176 (ι’.
1298 3121 1321 3161 e.
1332 3104 1359 3161 in
1368 3107 1599 3179 terram)jactum,
1611 3125 1684 3164 corn-

1138 3189 1308 3264 [burebatur‚
1325 3199 1353 3249 et
1365 3193 1510 3251 nonnullus
1524 3193 1683 3264 immensum

923 3277 1027 3334 aridam
1039 3282 1101 3350 lteri
1115 3294 1174 3335 cam
1189 3278 1300 3336 deflevit
1309 3281 1390 3353 juxta
1401 3280 1485 3338 falces
1500 3281 1630 3354 agricola,

923 3381 1017 3422 serens
1029 3364 1057 3421 in
1070 3364 1178 3439 ingrato
1191 3369 1257 3432 solo,
1269 3366 1424 3442 frustraque
1435 3368 1487 3425 sub
1499 3386 1581 3425 curvo
1593 3376 1684 3425 aratro

923 3461 1031 3510 taurum
1045 3452 1225 3528 subjungens,
1241 3455 1348 3528 subque
1362 3455 1452 3512 sidere
1469 3473 1523 3530 quo
1538 3456 1684 3514 exsolvun-

1519 3545 1575 3616 [tur
1588 3543 1682 3612 boves,

923 3627 1031 3684 inflexis
1049 3627 1177 3685 masculis
1196 3627 1325 3686 membris
1339 3648 1400 3687 eum
1413 3630 1558 3688 laboriosis
1572 3631 1661 3690 bobus
1675 3651 1681 3688 :

922 3722 996 3773 terra
1008 3731 1116 3790 quoque
1131 3716 1313 3790 subgemebat
1331 3716 1421 3774 omnis
1433 3717 1603 3775 malesanum
1618 3737 1683 3794 pro-

1473 3809 1546 3882 [pter
1560 3825 1683 3882 puerum.

923 3899 952 3948 et
964 3897 1030 3948 tunc
1043 3908 1096 3966 ego
1109 3891 1174 3967 igne
1187 3893 1278 3949 lumen
1291 3893 1411 3951 exstinxi
1424 3913 1431 3952 :
1444 3913 1479 3951 ne
1487 3896 1544 3970 jem
1558 3896 1606 3953 filii

924 3980 1573 4058 defleosluctuosumexitiuro‚tuisedagecuram
1580 3987 1684 4056 mundi,

924 4067 1081 4142 nequando
1097 4086 1193 4126 manus
1211 4087 1278 4126 mea
1296 4069 1479 4129 ardentiorem
1492 4073 1601 4130 hastam
1620 4092 1684 4132 con-

1577 4161 1683 4236 [cipias.

925 4243 1014 4300 Nosce
1024 4241 1224 4301 calestislovis
1234 4253 1351 4302 mentem
1362 4263 1368 4302 :
1380 4263 1444 4316 non,
1454 4265 1505 4321 per
1514 4249 1585 4304 enim
1597 4250 1684 4324 ipsam

925 4331 1041 4400 Rheam,
1056 4331 1130 4388 aliud
1144 4332 1228 4390 hocce
1242 4333 1369 4392 miserius
1382 4335 1452 4391 vidit
1465 4335 1596 4410 Olympus
1611 4355 1618 4393 ι

925 4419 1041 4475 mundus
1059 4437 1147 4490 meus,
1162 4419 1232 4478 tides
1250 4428 1299 4478 tua
1314 4423 1345 4496 (i.
1365 4429 1459 4480 etuas
1477 4423 1540 4479 fidei
1555 4426 1685 4498 creditus)

1412 4510 1554 4584 [preclara
1566 4529 1611 4568 res
1623 4512 1685 4570 fuit.

924 4594 1033 4652 Abeant
1042 4612 1103 4668 quse
1113 4594 1189 4669 prius
1198 4596 1284 4667 fuere,
1291 4595 1445 4670 posteriora
1452 4599 1568 4655 reconde
1576 4607 1666 4656 mente
1677 4617 1684 4655 :

925 4699 980 4739 non
993 4689 1057 4740 tuus
1072 4689 1115 4740 est
1130 4700 1137 4740 :
1156 4701 1287 4758 equorum
1301 4683 1373 4741 enim
1386 4684 1522 4742 inlinitum
1535 4703 1590 4743 non
1604 4687 1687 4745 robur

1589 4776 1686 4849 [novit

925 4860 1093 4918 habenarum
1101 4878 1190 4934 neque
1198 4861 1295 4918 babuit
1304 4860 1351 4935 qui
1361 4861 1605 4920 valde-consultum
1617 4883 1687 4938 opus

1522 4952 1685 5026 [perliceret.

925 5038 937 5094 l
951 5055 1018 5114 ergo
1032 5037 1114 5107 nunc,
1127 5055 1225 5095 rursus
1238 5039 1369 5096 mundum
1383 5041 1547 5115 aggredere,
1562 5057 1596 5098 ne
1610 5047 1686 5096 tuum

1594 5125 1688 5201 [decus

925 5217 1021 5274 alienis
1034 5217 1160 5274 manibus
1172 5217 1267 5286 dedas,
1281 5224 1312 5274 ut
1324 5218 1370 5292 qui
1386 5217 1521 5276 imbecilla
1533 5217 1647 5274 fecisses
1660 5244 1668 5271 ι

926 5307 973 5364 uni
986 5307 1037 5365 tibi
1050 5307 1125 5382 ignei
1140 5307 1282 5366 festinanti
1296 5307 1389 5366 circuli
