3842 6014
490 457 617 517 CAPUT
635 457 673 517 ΙΙ.
695 453 979 518 EPlGRAMMATA
1000 458 1275 522 SEPULGRALIA.

372 593 442 652 ltl.
456 600 554 648 sano

84 723 137 780 θύα
149 721 255 798 ίθαντς,
270 723 382 803 Πρῶτις,
399 721 513 802 μιτίθης
525 723 551 780 δ’
565 728 590 791 iz
602 728 734 803 ἀμείνονα
744 725 846 804 χῶρον,

83 815 126 868 τοί
136 813 224 879 ναίεις
316 832 369 892 ρων
381 816 482 885 νόσους
496 812 581 893 θαλίῃ
597 816 635 871 ivl
647 813 754 893 πολλῆ,

84 899 144 956 Ινθα
155 899 221 958 κατ’
279 899 472 960 uniuersalium
486 907 621 982 σκιρτῶσα
631 899 752 981 γίγηθας

86 989 186 1047 ἀνθεσιν
201 991 231 1048 ἀν
246 989 406 1070 μαλακοίσι,
422 995 512 1048 κακῶν
527 989 652 1049 ίκτοσθεν
666 993 803 1048 ἁπάντων·

63 1081 112 1135 tot
126 1081 236 1157 χιιμάν
246 1077 331 1136 λυπεῖ
343 1080 380 1146 o’,
397 1079 429 1137 ού
444 1080 541 1158 καῦμ’,
558 1082 591 1137 σθ
604 1083 702 1144 νοῦσος
715 1077 834 1156 ἀνοχλιί,

85 1169 113 1224 σύ
125 1169 207 1240 πείνη
223 1169 262 1238 σ’,
278 1170 310 1225 ού
324 1165 404 1246 δίψος
417 1169 475 1248 ίχιι
488 1168 524 1225 α’·
539 1167 604 1226 ἀλλ’
616 1165 681 1224 otti
694 1164 819 1230 ποθιινθς

87 1255 231 1334 ἀνθρώπων
247 1257 287 1312 ότι
301 1275 344 1313 σοι
359 1255 460 1333 βίοτος·
477 1253 554 1326 ζῶιις
565 1257 619 1335 γάρ
631 1258 783 1333 ἀμέμπτως

87 1347 177 1420 αὐγαῖς
191 1346 220 1402 ἐν
235 1343 399 1423 καθαροῖσιν
415 1328 551 1424 θλύμπου
565 1343 686 1416 πλησίον
700 1343 788 1408 όντος.

376 1673 446 1732 tot.
463 1679 558 1730 sano.

87 1807 166 1860 Τοῦτο
176 1805 233 1882 γάρ
247 1804 276 1859 ἀν
291 1799 399 1872 ζωοῖσιν
414 1797 557 1882 ἀπῶνυμον
569 1803 631 1861 luas
642 1805 753 1881 γυναικί

89 1892 179 1947 classes
191 1889 230 1963 ἧς
244 1894 345 1970 ἀριτῆς
356 1893 405 1949 καί
419 1895 595 1971 σωφροσύνης
610 1890 677 1970 μόλ’
693 1892 815 1970 ἀρίστης.

89 1975 162 2045 lctis
178 1977 209 2036 tt
223 1977 305 2037 τόνδι
317 1982 404 2060 σάρον
419 1979 507 2058 ρίλιος
519 1983 598 2046 πόσις
610 1979 750 2059 Εύτροπος
763 1980 835 2058 αὐτῇ

90 2064 112 2120 σί
122 2067 146 2122 τ’
158 2069 246 2145 αὐτῷ,
264 2066 424 2146 μιτόπισθιν
436 2067 508 2134 όπως
522 2069 583 2147 Ιχσι
597 2066 774 2145 ἀμπαύεσθαι

70 2159 131 2214 scis
145 2155 226 2234 ριλίῃ
239 2151 326 2222 ξυνῶς
339 2154 447 2236 ἀλόχῳ,
464 2154 655 2234 κιιλωσμίνον
669 2158 743 2233 αὐτῷ

89 2242 160 2320 τέρμ’
179 2242 279 2302 ἀσιθὼν
299 2243 394 2322 βιότου
411 2244 523 2311 ἀλύτοις
542 2247 594 2302 ύτό
609 2248 716 2324 νήμασι
730 2247 850 2323 Μοιρῶν.

379 2487 448 2548 tot.
465 2493 563 2544 sunu.

17 2601 18 2616 ἶ
92 2621 205 2701 luipone,
220 2617 404 2702 ῶπαροθῖτα·
417 2622 503 2700 τιμῆς
514 2619 773 2698 ιίσότισυσονόμτῖο.

94 2710 202 2788 θύνομσ
216 2709 254 2782 δὴ
267 2709 396 2784 nunus,
410 2712 505 2789 ίσορᾷς
517 2708 547 2766 ἀί
562 2729 594 2787 μτ
609 2707 742 2787 παρθίνον
758 2702 852 2766 οὖσαν·

17 2803 18 2846 ἓ
94 2802 138 2869 τὴν
147 2797 170 2855 δ’
182 2800 227 2879 ἀρ’
237 2801 309 2878 ἀμὴν
318 2802 436 2871 νιότητα
444 2800 536 2877 πατὴρ
548 2795 852 2878 Παίθιρωςίνόγραψτν,

17 2909 18 2932 2
94 2890 136 2944 acl
150 2891 244 2966 μήτηρ
260 2886 373 2952 Γλυιιία,
387 2889 435 2944 aul
445 2885 628 2964 Τιμογίνηςθ
644 2883 773 2963 ἀότλρός,

18 3529 21 3640 l

75 2992 84 3038 ⁵
98 2980 214 3055 μήτρωος
227 2977 338 3056 Μάρτιος
350 2976 398 3032 καί
410 2976 502 3049 Νίιιυς,
519 2975 550 3031 at
563 2972 594 3031 θί
606 2993 636 3032 τι
653 2976 770 3052 μόμμαι

95 3065 232 3142 Τιμογινῑς
244 3065 292 3120 τισὶ
303 3063 389 3142 Ψυχὴ
404 3063 538 3141 τῆγγονον
554 3065 704 3141 ἀκτίμησαν

98 3193 263 3212 ......
287 3152 332 3230 ἀμ’
346 3152 383 3222 ἢν
398 3147 537 3209 οὐπώποτ’
553 3149 666 3208 ἀίλπισα
679 3152 775 3229 τιμήν.

381 3301 451 3361 iil.
466 3307 564 3362 ΑΔΔΟ.

98 3432 255 3514 Μηνόφιλον
269 3435 353 3512 πόρος
366 3429 447 3499 οὗτος
460 3433 528 3513 ίχιι,
544 3429 718 3490 πολυπινθία
731 3427 830 3504 παῖδα,

100 3524 257 3602 όνΧιιρίτων
270 3525 385 3601 τρισσῶν
399 3525 592 3601 πανιπόρατον
606 3516 679 3584 ιίδος
691 3518 792 3598 ίχοντα

19 3645 20 3664 ι
101 3613 240 3668 ιίνοιόνιων
253 3613 355 3690 pentec
370 3609 469 3689 φθόνος
482 3609 618 3689 ἤρπασιν,
636 3609 667 3666 όν
682 3605 818 3686 καθορᾶτε

101 3703 163 3756 istis
179 3703 274 3779 μόνοις
286 3699 370 3756 [τισιν
388 3695 552 3775 βιθιωιτότα,
568 3700 638 3776 μησί
650 3716 680 3754 cs
693 3698 783 3756 πίντι.

105 4099 565 4122 ...............
591 4055 760 4140 βιό[τ]ι[υ]ον

103 4147 267 4230 Πάντιςγά[ρ
280 4151 309 4228 μ’
320 4146 458 4228 ἀπό]θουν,
466 4147 547 4226 ἤμην
558 4150 612 4228 γὰρ
624 4150 692 4204 πᾶσι
705 4147 856 4227 προσηνής,

105 4309 1678 4342 -.......-....-..-..-.—---—----------

392 4439 449 4490 iot.
468 4453 556 4491 suun.

107 4549 158 4600 lieu
170 4549 290 4616 equidem
303 4549 431 4600 exstincta
443 4563 482 4609 es,
495 4547 575 4600 Prote
587 4563 594 4600 ι
607 4546 719 4600 meliors
730 4544 820 4614 petisti

20 4677 21 4712 3
107 4633 147 4683 sed
159 4633 229 4695 loca;
240 4633 349 4700 jamque
359 4629 430 4683 srvis
442 4631 541 4698 gaudes
554 4631 676 4684 habiture
689 4629 784 4691 beatis,

108 4713 215 4778 Elysium
227 4715 302 4768 lestis
312 4715 462 4782 persultans
472 4713 535 4767 lats
546 4714 659 4779 choreis,

110 4797 207 4852 loribus
217 4801 283 4851 uber
294 4797 342 4850 nbi
353 4797 441 4862 tellus,
453 4797 549 4866 ignara
558 4799 688 4851 malorum
700 4813 707 4848 :

110 4896 156 4933 non
166 4891 193 4934 ts
203 4897 274 4935 sess
284 4883 343 4934 lues
351 4881 434 4945 laedit,
446 4897 495 4935 neo
508 4883 601 4936 bruma
613 4897 664 4936 uec
675 4889 765 4944 astas,

21 5017 22 5048 ρ
111 4965 202 5019 euna
215 4966 264 5018 tibi
277 4965 362 5028 nulla.
376 4965 436 5018 sitis
449 4963 499 5017 tibi
508 4965 591 5028 nulls,
603 4981 654 5018 uec
665 4966 715 5018 teri

21 5049 22 5070 ³
111 5055 146 5099 est
158 5049 312 5102 desiderium
323 5049 408 5102 noemi
420 5065 428 5102 ι
441 5063 503 5102 nam
513 5049 598 5103 libers
610 5049 676 5102 visis

110 5129 200 5185 lumine
211 5133 239 5184 in
249 5133 369 5194 athenio,
380 5147 468 5186 serum
481 5131 570 5186 vicina
580 5132 693 5200 parenti

698 5232 725 5268 E.
744 5231 865 5270 onorius.

1609 470 1665 526 167

1195 601 1258 656 tol.
1277 610 1379 654 Arrun.
1558 647 1666 720 flocum,

904 731 964 787 Non
980 735 1138 800 mortua-es,
1156 731 1251 800 Prote,
1273 731 1323 788 aed
1340 731 1466 790 transisti
1482 732 1511 790 in
1529 734 1669 793 moliorem

903 819 1671 896 etincolisfortunatoruminsulasinjucunditatemultc,

901 903 941 962 ibi
952 905 980 962 in
994 905 1094 981 Elysiis
1107 907 1211 982 campis
1225 908 1331 966 exultas
1342 909 1444 984 gaudio

903 993 985 1050 liores
999 993 1071 1052 inter
1082 996 1186 1064 molles,
1201 996 1333 1054 mulorum
1347 1015 1448 1072 expers
1461 997 1581 1054 omnium
1598 1015 1605 1052 s

903 1097 954 1138 uec
971 1079 1061 1156 frigus
1078 1082 1222 1140 molestum
1242 1082 1294 1141 tibi
1313 1089 1365 1154 est,
1386 1102 1437 1142 neo
1456 1085 1539 1156 calor,
1564 1103 1619 1142 non
1640 1091 1669 1144 te

1427 1173 1548 1246 [morbus
1560 1174 1668 1234 turbet,

904 1273 960 1314 non
971 1257 1059 1316 fames
1070 1265 1107 1330 te,
1120 1276 1175 1316 non
1188 1259 1248 1317 sitis
1260 1266 1337 1318 tenet
1345 1267 1387 1330 te3
1400 1261 1449 1318 aed
1457 1277 1546 1333 neque
1554 1267 1671 1336 exopta·

1596 1348 1671 1422 [bilis

906 1431 1045 1492 hominum
1059 1437 1149 1494 adhuc
1162 1435 1213 1493 tibi
1227 1437 1285 1494 vite
1298 1443 1355 1505 est;
1367 1437 1437 1494 vivis
1449 1437 1521 1494 enim
1535 1437 1593 1494 sine
1607 1455 1673 1510 que-

905 1524 1018 1599 inpure
1031 1524 1091 1581 luce
1105 1524 1212 1598 Olympi
1226 1524 1274 1598 qui
1284 1524 1366 1599 juxta
1379 1533 1431 1582 est.
1597 1524 1672 1597 [relis

1196 1675 1258 1732 462.
1281 1685 1382 1729 norun

906 1811 965 1866 lloc
979 1808 1083 1867 scilicet
1096 1809 1168 1866 inter
1178 1809 1302 1867 viventes
1312 1809 1347 1866 (le
1360 1809 1419 1884 ejus
1429 1810 1538 1868 nomine
1550 1810 1602 1868 fuit
1610 1828 1672 1868 mu·

906 1897 941 1955 ob
951 1897 1011 1972 ejus
1020 1897 1149 1956 virtutem
1156 1903 1185 1954 et
1193 1895 1349 1954 castitatem
1358 1897 1437 1954 valde
1446 1897 1587 1972 optimam.
1601 1898 1672 1974 [lieri

905 1986 981 2044 Fecit
988 1993 1079 2044 autern
1087 1986 1192 2043 huncce
1201 1985 1335 2042 tumulum
1345 2003 1439 2045 amans
1449 1987 1563 2045 maritus
1574 1989 1672 2046 Eutro-

1546 2073 1610 2147 [pus
1621 2073 1670 2142 illi,

906 2159 1015 2234 sibique
1027 2158 1090 2234 ipsi,
1105 2165 1136 2217 ut
1149 2167 1247 2234 postea
1260 2159 1376 2217 heberet
1388 2159 1437 2217 ubi
1450 2159 1635 2235 requiesceret

906 2265 969 2305 cum
982 2254 1074 2305 emata
1085 2247 1165 2305 simul
1179 2264 1275 2314 uxore.
1290 2247 1458 2306 destinatum
1469 2248 1522 2306 sibi
1559 2250 1672 2323 [curum.

907 2336 989 2395 finem
1000 2353 1061 2395 cum
1072 2336 1188 2396 vidisset
1197 2337 1261 2396 vitea
1272 2337 1411 2396 insolubili
1422 2337 1473 2396 sub
1485 2338 1601 2396 stamine
1611 2339 1674 2396 Par-

1197 2488 1260 2544 463.
1280 2496 1381 2540 scruu

908 2621 1000 2690 Salve,
1018 2620 1157 2678 oviator:
1173 2619 1293 2677 honores
1308 2618 1373 2676 audi
1384 2635 1470 2676 meos.
1578 2621 1674 2694 [eram3

910 2709 1015 2766 Nomen
1029 2706 1140 2782 quidem
1156 2705 1293 2780 Glycian,
1312 2705 1444 2781 ridesque
1458 2723 1503 2763 me
1518 2725 1579 2782 qua
1597 2708 1676 2782 virgo

907 2797 1049 2872 juventam
1062 2801 1154 2852 eutem
1167 2811 1255 2851 meum
1269 2799 1350 2868 pater
1362 2793 1490 2852 Pederos
1504 2794 1645 2870 inscripsit

911 2890 940 2942 et
952 2890 1041 2940 mater
1054 2881 1149 2957 Glycia
1160 2889 1189 2939 et
1202 2881 1365 2955 Timagenes
1379 2881 1475 2951 irater,

911 2970 1091 3045 trunculique
1105 2969 1216 3028 Marcus
1229 2975 1258 3027 et
1270 2969 1364 3044 Nioys,
1381 2976 1464 3046 atque
1479 2969 1569 3029 amite

911 3059 1070 3134 'limogeuis
1084 3064 1112 3117 et
1124 3058 1233 3134 Psyche
1244 3063 1356 3131 neptem
1369 3057 1573 3117 honoraverunt
1588 3061 1675 3134 [nore.

914 3189 1045 3206 ......
1061 3164 1105 3204 me
1118 3146 1181 3216 hoc,
1193 3161 1274 3220 ρυοσι
1283 3161 1423 3220 nunquam
1435 3163 1620 3220 speraveram,
1632 3149 1677 3204 ho-

1203 3293 1266 3348 464'
1286 3301 1387 3344 mm
1468 3337 1677 3411 [tumpuerum

913 3424 1098 3500 Menophilum
1111 3422 1267 3498 sepulcrum
1283 3423 1336 3482 hoc
1353 3423 1448 3491 habet,
1465 3423 1678 3481 multum-delle-

914 3531 996 3588 quem
1010 3511 1165 3571 Gratiarum
1178 3510 1261 3568 trium
1277 3509 1556 3569 admodum-amabile
1572 3511 1680 3569 simula-

1432 3600 1519 3672 [crum
1532 3599 1679 3657 habentem

914 3687 1069 3749 infelicibus
1082 3687 1244 3765 perentibus
1256 3686 1360 3747 inulla
1372 3688 1476 3764 rapuit,
1488 3705 1569 3764 quern
1580 3687 1680 3748 ridetis

914 3787 977 3839 octo
1001 3786 1108 3838 tantum
1129 3795 1215 3836 onuos
1242 3777 1487 3842 vita-assecutum,
1517 3795 1680 3854 mensesque

1203 3929 1265 3984 tos.
1284 3935 1383 3980 suun.
1538 3866 1678 3942 [quinque.

916 4088 1364 4112 ................
1384 4048 1510 4106 vivum
1581 4050 1677 4124 [mitia

914 4159 1010 4200 omnes
1027 4139 1099 4198 enim
1116 4155 1160 4196 me
1179 4137 1317 4207 amabant,
1337 4153 1412 4194 erem
1430 4137 1533 4212 quippe
1554 4137 1678 4198 omuibus

1213 4420 1273 4471 lot.
1292 4433 1381 4472 mon.

915 4537 1021 4589 uonna
1032 4545 1085 4584 uon
1097 4546 1136 4592 es,
1151 4529 1251 4591 Prima,
1266 4529 1326 4581 loos
1339 4528 1368 4580 in
1381 4527 1492 4580 meliora
1505 4527 1625 4598 migrasti
1639 4545 1647 4581 ι

916 4623 994 4683 teque
1005 4615 1143 4666 beatorum
1155 4611 1267 4677 dapibus
1281 4615 1355 4662 tenet
1365 4609 1454 4661 insula
1466 4609 1550 4664 iestis.

917 4697 1007 4764 lllysis
1020 4695 1152 4748 exsultem
1166 4691 1266 4760 passim
1279 4707 1328 4760 pes·
1340 4691 1421 4759 plana
1432 4692 1537 4758 vagaris

918 4780 1044 4834 mollibus
1057 4779 1084 4831 in
1099 4777 1197 4845 pratis;
1210 4789 1274 4828 cura
1286 4782 1315 4828 ct
1326 4775 1418 4843 presul
1430 4776 1533 4827 exsulst
1544 4775 1638 4828 omnis.

917 4865 979 4918 Non
993 4871 1020 4915 te
1033 4862 1107 4916 laedit
1119 4861 1214 4921 hiems,
1226 4865 1316 4920 utus.
1330 4873 1385 4911 uon
1396 4858 1510 4926 denique
1522 4861 1644 4922 morbusp

917 4964 971 5000 non
984 4947 1044 5000 sitis
1057 4953 1136 5014 atque
1149 4944 1233 4996 sumes
1245 4942 1325 5009 cepit,
1338 4941 1451 5008 viteque
1465 4941 1562 5008 prioris

918 5039 945 5084 ts
958 5029 1118 5084 desiderium
1130 5035 1211 5080 toust.
1226 5023 1390 5094 inculpabile
1401 5039 1515 5092 namque

919 5127 1004 5168 orum
1014 5113 1102 5182 agitas
1113 5111 1183 5174 felix,
1198 5107 1333 5176 nitidaque
1344 5107 1374 5160 in
1386 5107 1446 5160 luce
1457 5107 1583 5174 refulges,

920 5197 1040 5267 proxima
1053 5212 1106 5265 quc
1119 5196 1196 5270 sedes
1210 5195 1312 5247 alarum
1325 5190 1457 5260 contingit
1470 5191 1618 5258 Olympum.

1392 5289 1456 5330 m.
1471 5290 1538 5328 ιωι.
1551 5290 1687 5328 suvanos.
