3882 6080
272 359 329 415 tlt

271 487 345 558 καλὴ
361 490 408 544 καὶ
419 492 518 568 πίειρα,
535 490 707 566 περίρρυπος,
725 484 803 542 οὐδὲν
819 487 932 564 ἔχουσα,

273 581 309 641 είς
321 579 357 647 ἣν
373 576 434 632 οὔτε
448 597 487 640 τις
500 575 603 632 εἰσπλεῖ
614 577 684 654 ἀνὴρ
701 575 790 652 μωρδς
802 579 959 652 παράσιτος,

272 665 333 719 οὔτε
345 663 438 741 λίχνος
451 667 553 741 πόρνης
565 661 788 739 ἐπαγαλλόμενος
798 667 927 739 πυγῇσιν·

247 757 261 803 5
272 750 346 807 ἀλλὰ
357 751 443 826 θύμον
456 755 503 805 καί
514 748 615 828 σκόρδα
631 753 705 827 φέρει
717 751 764 804 καί
776 752 845 804 σῦκα
858 751 906 804 καλ
918 748 1024 825 ἄρτους,

271 835 299 904 ἐξ
314 835 349 893 ὧν
367 840 398 894 οδ
413 836 568 913 πολεμοῦσι
580 839 647 915 πρός
660 835 802 907 ἀλλήλους
814 838 1001 914 περὶτούτων,

271 929 324 1004 ούχ
337 923 410 982 όπλα
423 928 568 998 κέκτηνται
580 927 642 1003 περὶ
655 927 798 1002 κέρματος,
815 925 846 979 ού
857 925 919 1001 περὶ
932 917 1024 992 δόξης.

498 1067 546 1124 tt.
570 1062 790 1122 balneator.

267 1173 317 1246 δύ’
332 1190 384 1267 tyn
399 1191 418 1246 ἀ
431 1187 545 1266 τλάμων
559 1171 646 1266 δρετδι
659 1189 735 1265 παρὰ
747 1183 814 1264 τῇδε
828 1183 955 1262 κάθημαι

310 1262 411 1355 Ἡδονῇ,
429 1279 572 1354 αἰσχίστως
585 1278 733 1352 κειραμίνα
745 1273 917 1351 πλοκάμους,

268 1363 355 1442 θυμόν
368 1367 432 1442 ἄχει
446 1363 556 1442 μεγάλῳ
574 1359 761 1440 βεόολημένα,
779 1363 851 1440 είπερ
866 1361 965 1417 ἅπασιν

308 1455 326 1508 ἁ
339 1457 482 1531 κακόφρων
497 1452 594 1529 Τέρψις
607 1454 728 1529 κρεῖσσον
743 1451 812 1527 ἐμοῦ
825 1452 955 1528 κέκριται.

488 1594 536 1650 15.
559 1588 803 1647 ΠΟΣΕΙΔΙΠΙΙΟΥ.

267 1717 446 1792 Φυρόμαχον,
463 1715 508 1771 τόν
520 1717 609 1770 πάντα
623 1716 717 1790 ραγεϊν
732 1710 825 1792 βορόν,
842 1709 888 1768 οία
902 1714 1025 1790 κορώνην

304 1805 483 1880 παννυχικὴν,
497 1802 566 1874 αύιη
583 1803 672 1881 ῥωγὰς
685 1801 743 1880 ἔχει
753 1804 878 1871 κάπετος,

265 1889 381 1968 χλαίνης
395 1892 422 1945 lu
434 1894 529 1969 τρύχει
543 1885 722 1960 Πελληνίδος.
739 1873 818 1945 Ᾰλλὰ
832 1891 864 1944 σὺ
878 1889 976 1944 τούτου

305 1979 352 2032 καὶ
364 1979 424 2056 χρῖε
439 1976 556 2048 σπη’λην,
572 1960 677 2043 Ᾰττικί,
693 1978 742 2032 καὶ
755 1977 898 2064 στῑρόνου,

243 2065 290 2123 tsi
303 2067 368 2120 ποτί
379 2069 557 2144 σοιπροκύων
572 2066 772 2142 συνεκώμασενε
786 2061 859 2119 Ηλθε
875 2061 899 2118 δ’
912 2063 1025 2139 ἀμαυρὰ

307 2151 412 2230 βλίψας
424 2153 454 2208 ta
467 2151 567 2209 πελίων
579 2149 665 2217 νωδός
679 2153 849 2218 ίπισκυνίων,

294 2243 307 2296 ό
323 2242 407 2319 τριχί,
424 2237 569 2318 διρθερίας,
588 2238 785 2318 μονολήκυθος·
795 2241 833 2294 ,ἐκ
845 2239 898 2317 γὰρ
912 2239 1024 2314 ἀγώνων

304 2333 356 2385 τῶν
369 2332 429 2386 τότε
443 2330 586 2400 Ληναϊκῶν
600 2325 665 2398 ἦλθ’
682 2328 734 2382 ύπδ
748 2326 760 2352 *
775 2325 948 2397 Καλλιόπην.

534 2645 581 2702 16.
605 2641 749 2702 ΗΔΥΛΟΥ.

265 2759 417 2846 θψοραγεί,
434 2765 533 2824 Κλειώ·
550 2769 740 2842 καταμύομεν·
757 2763 792 2836 ἣν
808 2762 838 2821 δὲ
851 2762 980 2843 θελησης,

303 2855 362 2913 ίσθε
380 2858 462 2932 μόνη·
478 2851 606 2932 δραχμῆς
620 2855 689 2908 ἐστιν
704 2853 719 2906 ό
734 2855 851 2930 γόγγρος
864 2851 944 2916 ἅπας.

264 2945 313 3009 θὲς
329 2947 411 3020 μόνον
424 2942 445 3013 ἢ
460 2938 560 3012 ζώνην,
575 2941 595 3011 ἢ
611 2943 729 3012 ἐνώτιον,
744 2941 764 3011 η
779 2959 806 2996 τι
819 2943 942 2995 τοιοῦτον

302 3035 453 3106 σύσσημον·
469 3031 500 3086 τό
516 3027 540 3086 δ’
556 3031 620 3107 δρᾶν
638 3029 676 3105 μὴ
695 3031 777 3104 μόνον
791 3029 823 3084 ού
837 3025 966 3104 λέγομεν.

239 3104 386 3196 ιῆίθμετέρη
403 3121 435 3174 σύ
449 3115 586 3174 Μέδουσα·
599 3113 752 3191 λιθούμεθα
764 3117 799 3179 ὡς
810 3117 844 3170 τὰ
857 3113 945 3170 πάλαι
953 3135 1018 3184 που,

301 3209 333 3263 οὐ
349 3207 476 3282 Γοργοῦς,
491 3209 611 3283 γόγγρου
627 3200 651 3258 δ’
667 3203 693 3258 οἱ
709 3201 801 3279 μίλεοι
812 3199 925 3260 λοπάδι.

512 3521 559 3578 tr.
581 3528 642 3575 Tor
659 3526 768 3575 error.

717 355 974 415 ANTHOLOGIAE
995 355 1146 414 GRAECAE
1167 355 1395 416 APPENDICIS

1082 491 1841 567 pulcraetpinguis,sordibus-circumdata,nihilbabens.

1082 596 1136 652 quo
1149 597 1240 653 neque
1252 581 1395 654 quisquam
1411 581 1523 653 navigat
1533 581 1574 636 rir
1585 581 1685 636 stultus
1695 581 1841 655 parasitus,

1082 685 1170 740 neque
1188 685 1278 740 ganeo
1293 667 1421 733 cinaedus,
1438 669 1483 740 qui
1498 667 1628 742 glorietur
1642 669 1764 736 natibus;

1082 755 1130 809 scd
1144 772 1246 826 capam
1261 762 1289 811 et
1301 755 1363 810 allia
1376 755 1429 811 fert
1444 762 1470 811 et
1484 755 1553 812 ficus
1571 763 1599 812 et
1613 771 1709 830 panes,

1081 860 1116 898 ox
1130 841 1230 915 quibus
1248 859 1302 898 non
1315 841 1478 915 belligerant
1490 843 1562 900 inter
1572 861 1601 899 se
1615 845 1649 898 de
1663 843 1717 908 his,

1080 945 1134 986 non
1148 945 1225 986 arma
1237 927 1353 984 induunt
1368 929 1402 984 de
1416 929 1540 1002 pecunia,
1556 947 1611 985 non
1625 930 1658 986 'dc'
1671 928 1769 1003 gloria.

1326 1071 1368 1125 λθ.
1388 1068 1596 1126 MNASALCAE.

1081 1191 1145 1247 Haec
1160 1207 1212 1264 ego
1227 1189 1322 1246 infelix
1337 1190 1433 1247 Virtus
1447 1192 1511 1247 huic
1523 1191 1631 1247 assideo

1114 1273 1266 1348 Voluptati,
1282 1275 1438 1349 turpissime
1451 1283 1531 1332 tonsa
1545 1275 1665 1332 cicinnos

1079 1361 1197 1418 animum
1210 1363 1302 1420 dolore
1317 1362 1422 1436 ingenti
1438 1380 1577 1436 percussa,
1593 1367 1617 1418 si
1630 1363 1665 1418 ab
1680 1363 1806 1420 omnibus

1114 1451 1366 1509 malitiosarmentis
1377 1451 1526 1508 Delectatio
1536 1451 1633 1507 melius
1643 1469 1685 1508 me
1690 1452 1843 1525 judicatur.

1337 1597 1379 1648 io.
1399 1592 1586 1649 rosrnrrrr.
1664 1661 1668 1671 Ι

1080 1713 1844 1790 Phyromaohum,eumquicunctasorassetbelluonem,

1113 1810 1283 1871 nocturnam,
1293 1803 1350 1858 hmo
1360 1802 1459 1858 rimosa
1467 1801 1542 1858 fossa
1550 1808 1634 1866 tenet,
1655 1803 1696 1874 [ut
1704 1803 1844 1857 cornicem

1079 1890 1106 1946 in
1115 1891 1311 1965 lacero-panno
1325 1889 1430 1963 penula
1444 1889 1598 1944 Pallenicoe.
1613 1889 1713 1945 Verum
1722 1897 1752 1944 tu
1760 1889 1845 1946 istius

1114 1987 1143 2038 ct
1154 1998 1225 2054 unge
1239 1980 1358 2055 cippum,
1374 1978 1475 2048 Attice,
1490 1987 1518 2035 at
1531 1994 1641 2044 corona,

1079 2067 1102 2124 si
1121 2067 1230 2141 quando
1244 2073 1334 2123 tecum
1349 2065 1489 2123 antecanis
1505 2065 1742 2122 comissationibus
1756 2067 1846 2121 inter-

1437 2151 1507 2219 [luit.
1522 2151 1606 2208 Venit
1618 2158 1707 2208 autem
1721 2153 1844 2208 obscuro

1112 2239 1183 2307 visu,
1199 2240 1250 2297 sub
1265 2239 1355 2296 lividis
1368 2239 1530 2314 superciliis,
1546 2239 1697 2305 edentulus,

1078 2329 1137 2386 sins
1151 2328 1281 2398 crinibus,
1290 2333 1367 2384 veste
1377 2325 1637 2396 cariacae-indutus,
1651 2325 1716 2382 nihil
1728 2333 1843 2400 prater-

1301 2416 1571 2490 [lecythum-habens
1588 2433 1594 2469 :
1607 2413 1707 2471 etenim
1719 2432 1753 2469 ex
1764 2414 1844 2470 ludis

1111 2505 1158 2580 qui
1172 2512 1239 2562 tunc
1253 2511 1332 2560 erant
1346 2504 1471 2560 Lenatcis
1482 2503 1557 2559 venit
1566 2501 1618 2559 sub
1631 2501 1779 2576 Calliopen.

1357 2647 1399 2700 ίό.
1421 2644 1560 2700 HEDYLI.

1077 2767 1316 2833 Piscemcomede,
1325 2766 1400 2826 (lios
1413 2765 1591 2824 connivemus
1607 2764 1650 2822 :si
1660 2765 1742 2822 etiam
1753 2767 1838 2837 velis,

1111 2857 1160 2913 ads
1175 2855 1249 2913 sola:
1261 2855 1392 2912 drachma
1404 2872 1458 2911 una
1471 2861 1580 2911 constat
1594 2870 1713 2926 congrus
1731 2860 1820 2911 totus.

1076 2947 1118 3003 Da
1132 2953 1236 3002 tantum
1251 2947 1365 3017 pignora·
1383 2949 1432 2999 aut
1449 2957 1554 3009 zonam,
1565 2945 1621 2997 vaut
1641 2940 1774 3008 inaurem,
1791 2949 1842 2999 aut

1656 3028 1767 3102 [aliquid
1783 3031 1842 3086 tale

1110 3139 1158 3196 pro
1171 3128 1276 3178 tessera
1290 3136 1297 3175 :
1311 3117 1403 3174 videre
1418 3123 1518 3183 antem,
1531 3117 1583 3173 hoc
1597 3134 1679 3172 unum
1691 3133 1840 3188 negamus.

1075 3213 1174 3268 Nostra
1187 3217 1218 3266 tu
1244 3207 1386 3264 Medusa:
1410 3205 1439 3261 in
1461 3205 1782 3278 lapidemconvertrmur,
1808 3213 1843 3262 ut

1635 3291 1708 3365 [olim
1723 3291 1839 3356 alicubi,

1107 3402 1161 3442 non
1176 3383 1284 3458 quidem
1308 3382 1417 3454 Gorgos
1437 3383 1537 3452 capite,
1558 3379 1607 3436 sed
1621 3379 1727 3452 congri,
1742 3378 1841 3434 miseri

1335 3525 1378 3577 rr.
1394 3519 1566 3578 acassam,
1646 3466 1839 3540 [ῡοκοειιιιε.

261 3633 349 3721 Velis
363 3645 377 3699 ὅ
392 3641 551 3721 milities·
566 3645 613 3698 νῦν
628 3637 732 3718 ίμῧαλῑ
746 3641 795 3710 ίθλ
813 3639 999 3719 βαλανάγραν·
1072 3652 1171 3712 Coetus
1183 3655 1221 3706 est
1235 3645 1365 3704 anthias:
1384 3660 1456 3700 nunc
1469 3642 1549 3717 injice
1562 3640 1664 3698 clavem
1681 3657 1689 3697 ε

300 3731 368 3809 ἔλθη
385 3733 424 3808 μὴ
440 3733 562 3809 Πρωτεύς
574 3713 638 3807 Ᾰγις
652 3731 666 3785 ό
682 3732 733 3785 τῶν
747 3726 888 3784 λοπάδων·

259 3818 450 3900 γίγνεθ’θδωρ,
458 3819 627 3896 καλπῦρ,καῑ
635 3818 650 3872 δ
658 3816 796 3893 βούλεται·
808 3813 1016 3876 ἀλλ’ἀπόκλειε.

238 3980 325 4061 ύθξει
336 3997 389 4074 γὰρ
403 3999 517 4052 τοιαῦτα
534 3991 729 4071 μεταπλασθεὶς
742 3993 825 4070 τυχόν
841 3993 876 4057 ὡς
889 3993 954 4057 Ζεύς

299 4088 462 4164 χρυσορόης,
481 4086 523 4140 ἐπὶ
536 4079 613 4154 τήνδ’
625 4067 751 4160 Ᾰκρισίου
764 4078 885 4136 λοπάδα.

1107 3735 1245 3795 reveniat
1258 3733 1326 3806 Agis
1339 3733 1456 3789 Proteus
1470 3731 1624 3804 patinarum
1640 3747 1647 3785 :

1073 3829 1103 3884 iit
1117 3841 1197 3899 aqua,
1212 3829 1239 3880 et
1253 3821 1336 3895 ignis,
1354 3827 1382 3877 ct
1396 3817 1528 3893 quidquid
1546 3817 1602 3874 vult
1617 3835 1624 3873 :
1641 3817 1690 3873 scd
1704 3815 1812 3872 claude.

1073 3993 1171 4052 Veniet
1185 3989 1254 4046 enim
1270 3988 1309 4044 sic
1321 3985 1531 4043 transformatus
1543 3983 1635 4039 lorsan
1647 3989 1677 4038 ut
1691 3980 1800 4054 Jupiter

1109 4079 1248 4143 aurillnns,
1264 4075 1299 4132 ad
1313 4075 1415 4130 hancce
1432 4071 1530 4128 Acrisii
1544 4070 1673 4144 patinam.

260 4233 1838 4264 Μ

238 4371 253 4394 ·
261 4364 352 4429 pulcra
367 4361 472 4426 quidem
486 4341 644 4425 pinguisque¹
654 4367 681 4409 et
694 4359 809 4421 sordida,
820 4361 898 4408 rebus
911 4372 1004 4424 egena,

261 4461 339 4512 quam
348 4445 421 4496 nulla
432 4442 562 4511 parasitus
576 4441 631 4493 adit
647 4441 787 4493 stolidusre
802 4449 929 4507 penetrat,

260 4528 363 4582 deditus
378 4535 422 4580 aut
436 4527 573 4593 quisquam
584 4525 717 4576 damnosis
730 4540 814 4590 ganeo
826 4525 919 4576 scortis
935 4540 942 4576 :

259 4611 324 4664 allia
335 4613 389 4672 sad,
401 4625 491 4676 panes,
507 4611 571 4660 flens
583 4609 708 4674 offertque
719 4609 831 4674 lupinos,

261 4709 318 4760 quan
332 4693 396 4744 rixas
409 4691 510 4758 cupidis
523 4705 656 4756 nunquam
674 4698 804 4756 praetensa
820 4690 906 4752 fuere;

260 4793 391 4830 armorum
403 4792 451 4828 nec
464 4791 549 4826 causac
561 4781 699 4840 argentum
713 4782 739 4825 et
751 4773 835 4840 gloria
848 4790 924 4825 vana.

777 4873 848 4908 nico.
862 4874 885 4908 a.
904 4874 946 4908 sn.
965 4873 1018 4908 nm.

543 4951 583 4999 15.
602 4964 739 5000 rosrnrrrr.

390 5035 426 5085 Dc
444 5031 619 5099 Pbyromacbo
634 5034 744 5101 quodam
758 5033 885 5086 tettuone.

259 5123 397 5176 blandonia
409 5125 477 5176 corui
491 5123 534 5191 qui
546 5139 618 5176 mora
631 5140 723 5176 vorare
734 5125 835 5176 solebat

1107 4351 1203 4410 omnia,
1218 4347 1428 4412 Phyromachum
1439 4358 1507 4393 nunc
1519 4356 1613 4406 specus
1625 4340 1676 4389 ista
1687 4337 1762 4403 tegit.

1074 4437 1155 4494 Quem
1167 4433 1255 4481 lacera
1267 4427 1374 4478 involvit
1388 4425 1502 4478 Pellenis
1514 4423 1609 4490 penula
1623 4439 1629 4473 ι
1645 4423 1752 4488 cippum

1105 4522 1236 4581 unguenta
1249 4519 1275 4564 et
1284 4511 1369 4570 sertis,
1383 4509 1479 4568 Attice,
1493 4507 1647 4559 condecora.

1074 4601 1101 4652 Si
1116 4609 1212 4651 terram
1226 4595 1361 4648 antecanis
1374 4599 1504 4644 coenatum
1515 4589 1651 4641 edentulus
1663 4587 1709 4638 isit

1106 4681 1203 4734 lumine
1216 4681 1297 4732 habes
1310 4681 1399 4730 subter
1411 4673 1636 4740 canasupcrcilia,

1074 4765 1167 4832 depilis
1182 4763 1237 4824 illa,
1252 4761 1332 4829 pedes
1347 4766 1452 4826 gestans
1470 4755 1638 4822 ampullilsr:
1655 4760 1682 4804 at
1694 4767 1765 4804 nunc

1106 4851 1138 4900 de
1153 4849 1254 4900 Bromii
1266 4844 1334 4898 ludis
1346 4843 1379 4896 ad
1393 4858 1456 4894 cara
1472 4841 1539 4892 Ditis
1554 4839 1593 4890 iit.

1669 4935 1696 4972 ιι.
1712 4934 1846 4974 osorius.
