3882 6080
213 453 271 512 itt
660 448 919 508 ANTHOLOGIAE
940 448 1090 508 GRAECAE
1111 451 1337 513 APPENDICIS

214 578 288 656 εὔρις
300 579 424 653 νώνυμον
439 575 526 632 ἀίδιον
538 579 636 654 κράτος
650 577 749 652 ἀμερὲς
763 577 820 630 aiis

173 671 199 718 rs
214 667 342 728 ὡσαύτως
356 665 429 740 ἔχον,
444 661 492 734 ἠδ’
509 665 636 732 ἀκίνητον
648 659 694 716 ὑπ’
709 659 818 726 οὐδενὸς
832 660 932 739 άλκαρ,

215 753 290 815 ἀκτάς
303 753 347 806 ἐάν
360 754 455 821 πόνου,
475 751 510 814 ὡς
522 751 614 820 πάσης
631 745 815 824 μετσδλήσεος
829 745 891 813 tin·

214 841 262 895 καί
275 833 394 904 ίκάθιζες
408 839 474 909 ἄνω,
491 837 580 892 άππου
594 839 758 912 τιμιώτατον
773 838 858 912 αὐτῷ.

216 1267 310 1339 Στῆθι,
324 1272 409 1344 πίραν
427 1269 464 1343 μή
481 1263 573 1338 ζήτει,
590 1261 723 1320 δυσδατόν
739 1267 795 1321 ἐστι
807 1265 837 1320 τά
851 1267 953 1342 πόρσω,

215 1359 300 1432 καίγε
315 1357 408 1432 σοφοῖς
425 1356 506 1409 πάσίν
527 1353 551 1408 τ’
567 1355 680 1430 ἀσάφοις
693 1353 769 1416 κενδς
783 1351 812 1416 d<
829 1371 860 1428 γε
878 1355 976 1428 ματεύ-

923 1457 939 1492 σ
967 1456 972 1468 .

172 1547 200 1595 20
214 1531 282 1600 ἠύτε
297 1531 329 1584 σὺ
344 1526 379 1599 δὴ
396 1527 524 1605 σοφδςών
535 1531 633 1604 σοφίης
646 1530 730 1606 μίτρα
744 1524 823 1582 οῐσθα
840 1435 974 1602 βροτάίκῑά,

215 1620 263 1672 καί
276 1636 319 1674 σοι
331 1621 501 1694 προσκῦρσας
515 1615 556 1672 dn*
570 1617 682 1693 ipdpar’
697 1613 837 1692 ἀδηρίτῳ,.
846 1615 934 1684 ίστης,

217 1707 306 1774 στήσω
320 1705 368 1759 καί
379 1701 490 1782 γραφίδ’
505 1705 586 1768 αὐτὸς
599 1701 644 1780 ἀρ’
665 1700 769 1768 ἐνθάδε,
787 1704 855 1772 ἠύτε
869 1704 975 1772 κώπαν,

215 1791 285 1848 ’άλα
299 1789 476 1870 διερχόμενος
492 1789 650 1868 μειλίγματ’
667 1792 740 1866 ἀγων
754 1793 854 1845 πνοιῦν
870 1792 934 1844 σῶν.

218 2127 282 2200 licre
294 2145 374 2197 κινῶν
389 2141 478 2212 ίστης,
492 2140 629 2216 ἀμενηνὸς
642 2140 694 2214 ἐγώ
708 2141 814 2214 γεγαώς
827 2159 866 2204 τις

174 2247 202 2294 25
217 2229 310 2286 πλεῖον
326 2231 380 2306 ἶχω
396 2247 444 2284 σου
460 2224 659 2304 ῦμνονιάείδειν
674 2229 755 2304 πατρί
769 2229 905 2282 ἀπάντων.

218 2492 298 2548 Ταῦτ’
316 2492 370 2568 ἀρα
385 2509 428 2545 σοι
441 2490 630 2566 χριστώνυμος
645 2487 716 2563 ἱερὸς
728 2487 784 2540 cliv
797 2484 905 2563 ἀλιτρός

219 2583 327 2658 ἀχρεῖός
335 2598 363 2633 τε
378 2578 520 2654 Γεώργιος,
531 2573 594 2631 ἀλλ’
606 2571 721 2650 ἀγαθοῖο
731 2573 978 2651 φυτουργοῦ,[χους

219 2671 265 2722 καί
282 2670 371 2742 πάχος
384 2661 476 2734 οὖλος,
492 2661 547 2732 ῦλη
562 2662 586 2718 τ’
606 2663 658 2716 οὐκ
671 2663 701 2716 ἐκ
719 2663 812 2738 μίρεος
830 2659 902 2716 πλία
915 2662 975 2717 olc-

218 2757 344 2830 uppem
358 2752 490 2828 θφφικίων
505 2751 582 2828 ίερῦν
598 2749 714 2828 ῥιπαῖσιν
730 2749 883 2826 ἀχράντοις·

175 2859 203 2906 30
220 2845 266 2898 καί
278 2861 309 2918 φ,
330 2843 416 2918 φέρων
436 2840 463 2893 δν
482 2838 530 2916 ίρῷ
552 2835 663 2914 μεγάλῳ
678 2833 859 2914 πρωτίκδικον
881 2832 979 2914 εὖχος,

221 2927 325 2993 ἔκδικος
339 2927 438 2983 οῦποτε
452 2921 569 3002 δαχθεὶς
582 2927 692 3002 πρώτης
706 2925 808 2988 εἰκόνος
821 2925 907 3000 ἀρῆς·

220 3020 266 3072 καί
280 3014 406 3094 φυλακην
419 3033 450 3090 γε
465 3009 573 3069 δικαίου
585 3009 735 3074 πιστευθείς
749 3012 776 3066 iv
791 3013 924 3078 ἀνάκτων,

183 3116 186 3122 ’
220 3105 313 3162 οὔποτ’
329 3104 446 3178 ἐμαυτὸν
461 3102 507 3156 ἀπ’
523 3099 625 3179 ίχθρῶν
640 3097 782 3164 ἐκδικάσας
794 3099 944 3178 ἀλετηρων.

503 3633 571 3692 tta.
594 3639 692 3688 Anno.

261 3781 344 3838 Οίκου
360 3779 423 3836 θεοῦ
442 3778 589 3857 μίλλοντες
604 3775 744 3834 είσώαίνειν
758 3775 849 3848 πύλην

262 3866 312 3934 ἔξω
323 3866 445 3946 γίνοιοθε
459 3871 509 3936 τῆς
524 3865 609 3941 μίθης
620 3869 672 3920 τών
686 3862 844 3943 φροντίδων,

261 3957 295 4012 ίν’
310 3958 428 4032 εὐμενῶς
442 3953 545 4033 εδροιτε
559 3955 605 4008 τὸν
619 3955 713 4032 κριτὴν
729 3953 792 4012 lou.

511 4111 578 4170 103.
594 4118 691 4166 Anna.

223 4244 258 4301 α’.
277 4231 393 4322 lic-gepae
408 4245 525 4322 Χριστοῦ
541 4245 702 4320 σπαργάνων
720 4244 815 4322 μικρὸν
832 4247 923 4322 μίρος.

225 4331 260 4408 β’.
277 4317 355 4389 illue
372 4333 424 4407 ἐγὼ
440 4329 469 4386 δὲ
483 4334 535 4384 τών
550 4327 685 4385 σεθαστών
699 4350 726 4386 τι
738 4334 847 4408 τρύφος.

221 4419 257 4496 γ’.
273 4421 351 4490 Ζωὴν
365 4419 441 4495 κάγώ
457 4418 487 4472 τά
505 4415 609 4492 βλῦσαν
623 4415 694 4493 αίμα
707 4421 744 4494 τῷ
759 4421 865 4494 κόσμῳ.

223 4506 256 4566 δ’.
274 4509 392 4585 Στίφους
406 4503 552 4561 ἀκανθίνου
567 4502 596 4560 δά
610 4505 686 4582 κάγώ
700 4509 801 4581 τμῆμά
814 4525 850 4564 τι.

193 4623 207 4670 5
222 4593 252 4652 ι’.
269 4596 363 4672 Τίμιος
376 4591 453 4657 λίθος
467 4593 497 4648 ίκ
509 4595 558 4648 τοῦ
572 4594 683 4670 κρανίου
695 4589 813 4671 [conoul

300 4721 306 4734 .
377 4679 458 4745 Λίθος
473 4682 503 4736 ia
516 4683 564 4736 τοῦ
579 4681 679 4755 τάφου.

377 4753 417 4825 tia
430 4771 480 4840 τῆς
491 4771 539 4824 τοῦ
554 4768 667 4846 Χριστοῦ
682 4772 794 4844 φάτνης.

261 4857 295 4912 Ol
308 4855 387 4914 τόνδε
401 4859 611 4935 προσκυνοῦντες
625 4853 729 4911 ιθσεδεί
740 4861 794 4931 νόῳ

260 4947 356 5020 καὶτῷ
371 4946 450 5022 Λάχερ
466 4947 589 5022 φίροντες
601 4943 686 5020 ὕμνον
699 4945 800 5020 εὐμενῆ

181 5067 207 5113 ω
261 5029 371 5109 εὔχεσθε
384 5033 471 5108 κάμοί
484 5035 521 5108 τῷ
538 5035 649 5108 μοναχῷ
665 5030 799 5108 Τιμοθέῳ,

261 5120 333 5184 ὅπως
343 5121 457 5196 γίνηταί
472 5138 520 5196 μοι
536 5117 638 5194 βοηθὸς
651 5121 698 5174 καί
710 5117 798 5196 λιμὴν

1027 586 1154 644 invenisti
1166 587 1367 660 innominatam,
1386 599 1514 650 sternam
1536 597 1695 669 potentiam,
1716 596 1791 651 indi·

1547 683 1666 756 [viduam
1680 701 1791 756 semper

1028 763 1238 821 eadem-ratione
1261 782 1292 822 se
1317 783 1347 822 se
1368 767 1526 837 habentem,
1548 777 1631 842 atque
1652 770 1680 826 id
1699 771 1790 843 quod·

1371 855 1634 927 [nulla-remoretur
1646 857 1790 922 auxilium,

1028 955 1088 994 cum
1109 938 1145 994 sit
1163 945 1242 995 extra
1255 939 1386 1010 laborem,
1403 942 1475 1000 sicut
1488 951 1516 999 et
1534 960 1642 1000 omnem
1659 943 1789 1001 mutatio·

1607 1031 1679 1103 luem
1694 1041 1790 1088 extra:

1028 1119 1057 1168 et
1072 1112 1098 1168 id
1116 1113 1253 1171 collocasti
1271 1133 1389 1185 sursum,
1403 1117 1450 1174 ubi
1464 1118 1733 1175 honorabilissimum
1750 1124 1791 1174 est

1713 1204 1791 1280 [ipsi.

1028 1286 1111 1354 Siste,
1120 1286 1192 1344 ultra
1200 1305 1234 1343 ne
1246 1307 1348 1362 qnare,
1361 1289 1462 1348 invium
1472 1299 1515 1348 est
1529 1291 1602 1365 quod
1613 1291 1728 1350 ulterius
1737 1299 1790 1352 est.

1029 1381 1057 1431 et
1069 1389 1134 1430 sane
1145 1375 1317 1449 sapientibus
1330 1377 1489 1451 cunctisque
1498 1379 1693 1454 insipientibus
1703 1397 1792 1434 vanus

1350 1466 1400 1537 [ert
1414 1464 1461 1538 qui
1475 1465 1585 1539 quidem
1599 1465 1790 1538 investigabit,

1029 1568 1089 1607 cum
1111 1557 1152 1617 tu,
1173 1551 1293 1624 sapiens,
1314 1552 1455 1625 sapienties
1476 1555 1586 1610 modum
1609 1554 1718 1609 nocens
1736 1553 1792 1607 hu·

1680 1641 1790 1712 {manem

1030 1731 1058 1782 et
1081 1723 1132 1781 tibi
1153 1741 1214 1781 cum
1236 1724 1387 1782 invenisses
1410 1743 1470 1800 qua
1496 1735 1559 1784 sunt
1584 1726 1792 1802 propugnacula

1433 1815 1663 1886 [preliis-lunctm
1677 1813 1790 1878 stetisti,

1031 1898 1124 1954 sistam
1135 1897 1233 1971 stylum
1244 1905 1272 1953 et
1283 1898 1343 1970 ipse
1355 1899 1463 1971 quidem
1478 1901 1525 1969 ibi,
1538 1909 1667 1975 tanquam
1675 1919 1790 1966 remum,

1031 2002 1104 2042 mare
1118 2002 1287 2058 permensus,
1303 1985 1477 2044 delinimenta
1486 1991 1589 2045 ducens
1601 1991 1713 2046 flatuum
1727 1997 1792 2044 tuo-

1708 2078 1791 2148 [rim.

1031 2158 1168 2233 Quidquid
1185 2174 1297 2216 mouens
1317 2159 1427 2230 stetisti,
1447 2161 1598 2219 imbecillus
1620 2165 1717 2238 aliquis
1738 2181 1793 2235 ego

1698 2251 1793 2322 [natus

1031 2331 1123 2406 magis
1142 2333 1218 2391 valeo
1234 2351 1315 2407 quam
1333 2341 1363 2391 tu
1381 2335 1509 2408 hymnum
1527 2353 1625 2393 canere
1648 2337 1717 2410 patri
1732 2354 1794 2392 om·

1694 2424 1794 2497 [nium.

1032 2509 1095 2566 llaec
1109 2508 1159 2567 tibi
1169 2511 1234 2566 dicit
1245 2510 1417 2566 Christianus
1431 2485 1520 2582 sacer,
1531 2529 1640 2587 semper
1652 2519 1792 2584 peccator,

1031 2595 1187 2670 inutilisque
1202 2596 1336 2668 Georgius
1349 2599 1478 2665 agricolo,
1492 2599 1542 2655 sed
1562 2598 1627 2654 boni
1645 2596 1795 2654 consitoris

1697 2686 1793 2757 lilius·

1032 2780 1059 2829 ct
1070 2771 1209 2828 crassities
1221 2779 1305 2839 totus,
1317 2773 1498 2847 materiesque
1509 2791 1563 2831 non
1572 2791 1607 2830 ex
1620 2780 1699 2846 parta
1710 2771 1796 2846 plena

1479 2919 1482 2924 ,
1603 2860 1797 2934 [turpitudinis

1033 2948 1079 3019 qui
1093 2948 1172 3022 attigi
1187 2946 1277 3004 cilicia
1291 2967 1370 3008 sacra
1384 2947 1530 3024 impetibus
1544 2947 1707 3023 impollutis;

1033 3045 1061 3094 et
1074 3038 1165 3094 ferens
1179 3037 1287 3110 quidem
1303 3037 1447 3111 intemplo
1463 3053 1563 3108 magno
1582 3035 1796 3111 primi-vindicis

1686 3125 1795 3196 [decus

1034 3214 1132 3270 vindex
1147 3231 1283 3288 nunquam
1299 3216 1374 3271 risus
1388 3215 1481 3288 primm
1493 3213 1620 3287 imaginis
1632 3231 1712 3280 meoe3

1033 3311 1061 3360 et
1076 3302 1202 3360 custodia
1225 3301 1334 3376 quidem
1352 3303 1423 3376 juris
1446 3301 1512 3357 mihi
1536 3301 1639 3358 credita
1660 3300 1686 3356 in
1712 3301 1797 3357 domo

1627 3390 1796 3463 [principum

1004 3507 1006 3518 =
1032 3495 1169 3552 nunquam
1181 3495 1224 3535 me
1237 3477 1326 3552 ipsum
1341 3477 1375 3534 ab
1388 3477 1503 3533 inimicis
1517 3477 1590 3534 ultus
1602 3477 1777 3550 perniciosis.

1327 3633 1385 3688 tot.
1405 3639 1503 3682 atino.

1067 3783 1146 3842 Domi
1158 3783 1201 3842 dei
1216 3784 1343 3842 intraturi
1357 3783 1438 3840 limen

1067 3879 1158 3929 estote
1172 3878 1250 3928 extra
1263 3872 1424 3928 ebrietatem
1437 3870 1631 3944 cogitationum

1068 3967 1098 4016 ut
1112 3958 1242 4016 benevole
1256 3958 1400 4014 inveniatis
1411 3957 1530 4030 judicem
1542 3957 1625 4013 intus.

1332 4117 1392 4172 103.
1411 4125 1489 4168 aare

1037 4255 1059 4305 t.
1076 4247 1165 4304 Habui
1180 4247 1281 4304 Christi
1295 4247 1440 4304 fasciarum
1453 4263 1565 4320 parvam
1580 4255 1693 4321 partem.

1034 4339 1059 4392 2.
1076 4335 1218 4393 Clarorum
1232 4343 1284 4408 ego
1292 4335 1507 4392 venerandorum
1516 4336 1633 4391 frustum
1642 4335 1792 4408 quoddam.

1033 4427 1059 4478 3.
1075 4423 1165 4480 Vitam
1178 4427 1206 4478 et
1224 4439 1276 4494 ego
1295 4421 1488 4478 scaturientem
1502 4421 1664 4494 sanguinem
1678 4423 1793 4479 mundo.

1033 4513 1059 4566 t.
1075 4511 1187 4568 Coronae
1201 4511 1303 4583 spinea
1317 4517 1345 4566 et
1357 4526 1409 4582 ego
1424 4509 1606 4582 fragmentum
1618 4509 1739 4583 aliquod.

1034 4601 1059 4652 ὅ.
1076 4596 1215 4654 Preticsus
1232 4595 1304 4670 lepis
1317 4614 1352 4653 ex
1366 4596 1483 4654 oduario
1499 4596 1591 4670 [loco].

1172 4684 1255 4758 Lapis
1268 4701 1303 4740 ex
1318 4683 1455 4759 sepulcro.

1172 4772 1214 4828 Ex
1227 4771 1330 4830 Christi
1343 4789 1477 4846 praesepe.

1037 4865 1087 4919 Vos
1098 4859 1146 4933 qui
1159 4859 1260 4916 hancce
1271 4875 1373 4916 nucem
1386 4859 1507 4916 adoratis
1520 4859 1669 4934 piamento

1033 4956 1061 5005 et
1071 4948 1163 5005 Verbo
1173 4947 1276 5004 affertis
1285 4947 1416 5021 hymnum
1428 4946 1598 5016 benevolum,

1033 5034 1180 5109 precemini
1194 5041 1222 5091 et
1236 5034 1302 5090 mibi
1316 5035 1448 5090 monacho
1463 5035 1614 5104 Timotheo,

1034 5131 1063 5179 ut
1076 5121 1125 5178 liat
1142 5121 1208 5178 mihi
1224 5129 1251 5178 et
1265 5119 1421 5177 auxiliatrix
1435 5129 1463 5179 et
1481 5130 1576 5196 portur

262 5209 359 5286 ptem<
372 5227 399 5263 τε
412 5211 464 5262 τῶν
478 5205 588 5262 πολλῶν
602 5209 681 5282 τάχει
695 5225 747 5282 μου
761 5209 947 5283 πταισμάτων.
1003 5201 1010 5284 Ι
1033 5209 1226 5283 liberatrixque
1246 5209 1280 5265 ab
1294 5207 1387 5266 multis
1400 5212 1454 5266 cito
1466 5208 1533 5266 meis
1545 5209 1663 5266 delictis.
